2152 3132
192 153 243 212 ibt
381 155 439 210 DE
457 152 599 209 BELLO
618 147 803 218 anblco

191 259 387 313 arbitraretur.
424 253 530 322 Quibus
550 259 634 312 rebus
655 260 785 326 cognitis,
804 259 995 316 medianoete

190 331 304 382 silentio
315 330 469 396 profectus,
487 329 522 380 ad
533 328 654 380 hostium
665 335 759 380 castra
768 343 849 381 mane
859 327 994 399 pervenit.

190 400 251 464 llli,
271 401 402 452 celeriter
416 413 464 466 per
475 398 669 464 exploratores
680 397 800 450 adventu
813 399 939 450 Caesaris
951 417 994 451 co·

191 471 287 539 gnita,
307 485 403 522 carros
418 467 669 535 impedimentaque
680 483 730 518 sua
741 470 770 518 in
780 470 901 520 artiores
909 469 994 520 silvas

190 539 373 602 abdiderunt,
391 540 485 605 copias
495 539 585 588 omnis
596 539 625 588 in
639 538 700 589 loce
712 538 787 589 edito
799 544 883 605 atque
896 543 992 604 operto

189 612 393 662 instruxerunt.
422 609 524 669 Quare
535 608 674 670 nurrciata,
686 607 788 660 Caesar
798 607 927 660 celeriter
938 623 992 658 sar-

189 681 266 730 cinas
277 678 407 740 conferri,
418 693 495 729 arnse
506 676 628 743 expediri
638 678 727 728 iussit

241 749 316 800 xlx.
337 747 423 800 Collis
435 752 504 808 erat,
515 747 619 798 leniter
628 747 662 798 ab
673 745 770 798 infinie
781 745 911 798 adclivis:
922 743 994 797 inuare
1067 779 1068 804 i

191 833 227 870 ex
239 818 366 868 omnibus
376 817 438 868 iere
453 817 578 882 partibus
595 815 673 882 palus
688 815 807 868 difficilis
818 825 902 883 atque
913 818 995 882 impe·

192 887 252 938 dita
263 887 406 954 cingebat,
429 901 482 935 non
499 884 583 936 latior
597 885 713 951 pedibus
723 885 755 936 L.
790 887 853 936 Hoc
866 899 898 936 se
912 887 994 950 colle,

191 958 356 1021 interruptis
368 956 518 1021 pentibus,
531 953 605 1006 Galli
618 953 720 1006 fiducia
734 953 789 1006 laci
805 953 999 1018 continebant,

191 1031 401 1093 generatimque
418 1025 560 1075 distributi
575 1025 605 1074 in
619 1025 765 1087 civitates,
778 1023 953 1076 oniniarada
963 1039 995 1076 ac

190 1096 280 1146 saltus
302 1097 362 1146 eius
379 1094 487 1160 paludis
508 1094 591 1144 certis
607 1094 740 1145 custodiis
761 1094 943 1157 obtinebant,
955 1093 994 1145 sic

190 1167 283 1216 auium
295 1166 398 1230 parati,
407 1169 448 1225 ut,
463 1165 485 1214 si
498 1175 558 1213 earn
571 1163 699 1229 paludem
709 1163 824 1214 Romani
835 1177 995 1232 perrumpe·

191 1249 222 1287 re
233 1240 416 1294 conarentur,
434 1231 604 1284 haesitantes
619 1241 781 1300 premerent
794 1249 829 1286 ex
845 1235 906 1285 loce
917 1249 994 1300 supe·

191 1305 279 1356 riore:
298 1304 343 1366 ut',
365 1306 412 1372 qui
428 1303 664 1371 propinquitatem
679 1303 733 1354 luci
745 1304 862 1366 videret,
881 1310 994 1372 palatus

190 1389 278 1442 prope
290 1375 481 1442 aequalilarte
493 1373 528 1424 ad
539 1373 724 1424 dimicandum
735 1375 926 1436 existimarem
946 1375 1000 1440 qui

191 1447 366 1512 iniquitatem
379 1444 544 1496 conditionis
555 1443 734 1510 perspiceret,
754 1443 830 1494 inani
842 1444 994 1495 simulatio·
1068 1495 1069 1502 ,

138 1559 139 1562 ,
192 1531 227 1566 ne
242 1529 304 1566 seso
320 1520 463 1578 ostentare
475 1518 662 1580 cognosceret.
699 1512 879 1580 indignantes
889 1507 999 1564 milites

192 1587 300 1646 Caesar,
317 1585 391 1652 qnod
402 1592 579 1648 conspectum
589 1597 668 1633 suum
680 1580 774 1632 hostes
785 1582 859 1634 serre
870 1591 1000 1649 possent,¹

191 1653 300 1706 tantulo
310 1655 401 1719 spatio
410 1654 567 1714 interiecto,
576 1657 606 1702 et
615 1652 723 1718 signum
734 1651 834 1718 praelii
845 1665 994 1718 exposcen-

189 1731 246 1786 tes,
267 1722 380 1784 edocet,
400 1719 708 1789 quanta-detrimentoet
724 1721 915 1788 quotvirornm
929 1721 994 1792 sor-

189 1792 257 1844 tium
267 1801 354 1843 inmte
363 1806 465 1843 nemete
481 1789 518 1840 tit
528 1798 651 1842 constare
662 1789 818 1842 victoriam:
838 1806 901 1857 qnos
913 1807 999 1858 quum

188 1861 228 1912 tic
237 1859 327 1912 animo
333 1868 448 1926 parator
457 1857 559 1920 videat,
580 1867 611 1908 et
619 1861 720 1910 necllum
734 1876 785 1926 pru
796 1875 846 1910 tua
856 1861 935 1912 luerle
946 1877 995 1926 pe·

187 1929 303 1997 skulum
318 1938 454 1991 recusent,
475 1943 633 1979 tunmtuete
648 1927 803 1996 iniquitatis
822 1928 998 1982 cunderammi.

188 1999 294 2060 dedere,
313 1996 367 2050 nitt’
381 2013 470 2050 eorum
480 1997 569 2048 titane
578 2014 635 2048 sua
643 2000 729 2050 salute
740 1997 838 2050 lrabeat
849 1999 991 2050 cariorem.

189 2067 235 2122 Sic
246 2069 347 2120 milites
358 2066 532 2130 consulatus,
554 2067 651 2119 eodem
663 2067 707 2120 die
724 2068 832 2120 reducit
844 2072 873 2120 in
884 2077 999 2140 castra3·

188 2141 368 2208 reliquaque,
390 2154 460 2206 quae
472 2138 505 2188 ad
517 2139 753 2203 oppugnationem
765 2139 858 2205 oppidi
871 2141 992 2205 pertine-

187 2212 266 2274 bant,
278 2209 473 2260 administrare
483 2208 614 2258 instituit.

239 2280 300 2331 xit.
318 2278 542 2346 Vercingetorix,
563 2292 647 2342 (purim
658 2277 771 2329 adsitus
779 2277 907 2340 redisset,
927 2293 999 2346 pru--

188 2351 303 2403 ditionis
316 2349 504 2410 insimulatus,
526 2348 600 2415 quod
618 2351 835 2414 eastrapropius
850 2347 991 2398 Romanos

187 2423 327 2482 movisset,
339 2419 412 2485 quod
424 2433 485 2470 cum
496 2419 707 2484 aresii-equitatu
717 2419 905 2479 discessisset,
917 2414 993 2484 quud

187 2493 246 2540 sine
258 2490 374 2556 imperio
387 2493 478 2540 tantas
488 2488 581 2553 copias
593 2488 765 2555 reliquisset,
784 2487 857 2554 quod
869 2487 928 2538 eins
938 2487 995 2537 dis·

188 2559 395 2622 cessullomani
406 2564 483 2608 tanta
494 2560 705 2623 opportunitate
714 2564 743 2608 et
752 2557 893 2608 celeritate
905 2555 994 2606 renis·

188 2633 264 2688 serit3
283 2644 339 2677 nnn
351 2626 419 2677 hanc
431 2628 526 2677 ‹srirnia
539 2626 668 2688 fortuito,
685 2629 805 2678 aursino
817 2626 933 2678 coirsiiin
946 2641 993 2676 ac·

189 2697 282 2750 cidere
293 2698 432 2766 potuisse,
449 2711 567 2766 regnum
583 2695 661 2748 illurn
675 2687 786 2750 Galliae
798 2696 879 2752 malle
893 2699 992 2750 Cacsa-
