2152 3132
402 205 531 270 uranu
548 217 601 272 vr.
854 219 901 276 12³

95 325 154 377 uss
168 305 359 391 legationibus
370 323 530 388 sensenna
550 321 689 376 maturas
704 321 758 376 saar
777 323 812 378 ae
826 324 903 380 serre

94 392 276 463 cogitandum
290 395 429 460 putarit..
549 435 551 442 .

108 521 112 530 ,
150 463 195 514 ΙΙΙ.
216 463 318 530 ‚ltaque
337 463 458 514 nondum
481 461 572 514 hieme
594 459 734 526 confecta,
766 465 903 532 proximis

94 529 217 603 quatuor
240 534 344 583 coactis
365 533 537 601 legionibus,
570 531 604 583 de
619 533 770 598 improviso
787 535 816 584 in
833 536 902 588 lines

93 599 263 672 Nerviorum
275 596 419 654 contendit
430 610 460 654 et
474 603 565 669 prius,
597 615 679 669 quam
691 602 732 654 illi
745 608 794 654 aut
805 619 902 658 conve·
938 661 940 670 ,

93 665 155 743 nire
167 671 218 738 aut
229 671 381 738 profugere
392 677 513 739 possent,
525 684 627 739 magno
637 674 746 737 pecoris
758 679 841 741 atque
853 673 902 726 ho·

93 745 202 794 minum
213 755 329 792 numero
341 749 421 808 capto
434 747 518 811 atque
530 756 565 792 ea
575 740 681 806 praeda
691 741 826 794 militibus
839 759 902 796 con-

93 828 176 864 cessa
185 812 356 878 uastatisque
368 813 458 880 agris,
488 813 516 862 in
527 811 696 863 deditionem
712 815 806 864 venire
818 817 902 881 atquc

93 877 212 934 obsides*
220 881 272 932 sibi
287 882 355 933 dare
371 885 471 950 coegit.
506 883 548 933 lio
565 881 694 934 celeriter
710 881 839 934 confecto
855 899 901 939 ne·

93 955 188 1021 gotio,
208 966 307 1002 rursus
317 953 346 1001 in
357 950 473 1004 hiberna
483 951 607 1018 legiones
618 951 737 1004 redusit.
775 952 900 1006 Concilio

94 1021 396 1087 Galliaeprimovere,
420 1024 461 1072 uti
472 1023 646 1086 instituerat,
670 1022 790 1086 indicto,
817 1039 902 1091 quum

94 1091 206 1160 reliqui,
222 1096 333 1157 praeter
343 1087 476 1155 Senones,
498 1093 635 1144 Carnutes
645 1093 841 1162 l'revirosqrre,
856 1107 902 1145 ve·

93 1163 212 1223 nissent,
227 1161 337 1212 initium
349 1161 416 1212 belli
427 1176 460 1212 ac
470 1160 635 1213 defectionis
646 1160 700 1213 hoc
710 1164 901 1228 essearbitra-

80 1244 83 1248 ·
93 1239 156 1293 tus,
181 1236 214 1300 ut
224 1231 317 1281 omnia
327 1236 494 1297 postponere
505 1231 659 1294 videretur,
690 1233 835 1283 concilium
846 1231 902 1284 Lu·

94 1299 194 1353 tetiam
207 1298 377 1352 Parisiorum
391 1301 536 1352 transfert.
573 1301 701 1352 Confines
718 1307 798 1352 erant
814 1300 843 1352 hi
855 1300 902 1352 Se·

95 1371 216 1422 nonibus
227 1371 421 1437 civitatemque
428 1378 538 1437 patrum
546 1371 902 1430 memoriaconiunxerantr

95 1440 146 1492 sed
158 1441 192 1491 ab
204 1438 257 1491 boc
267 1440 384 1490 consilio
400 1439 505 1491 afuisse
522 1440 763 1491 existimabantur.
799 1441 861 1491 llac
871 1455 902 1492 re

96 1525 149 1578 pro
161 1515 298 1578 suggestu
315 1509 511 1576 pronunciata,
542 1508 639 1560 eodem
656 1509 775 1560 discum
788 1509 903 1576 legioni·

96 1574 149 1632 bu's
160 1582 188 1630 in
201 1581 325 1632 Senones
336 1580 521 1647 proficiscitur
536 1580 698 1647 magnisque
709 1579 855 1631 itineribus
867 1591 902 1632 ec

120 1650 238 1702 ervenit.
450 1697 452 1704 ,
616 1679 619 1687 ,

99 1665 117 1718 p
150 1719 336 1786 lV.'Gognito
358 1720 417 1770 eius
438 1717 573 1781 adventu,
597 1719 685 1782 Acco,
708 1719 754 1788 qui
773 1719 901 1790 princeps

96 1790 158 1842 eius
179 1787 289 1839 consilii
304 1788 411 1851 fuerat,
443 1788 519 1840 iubet
534 1789 562 1838 in
578 1788 679 1856 oppida
694 1789 901 1840 multitudinem

96 1857 262 1922 conuenire3
293 1859 468 1920 conantibus,
494 1859 571 1926 prius
582 1873 665 1926 quam
676 1858 704 1909 id
716 1859 786 1911 effici
798 1864 902 1926 posset,

95 1928 196 1980 adesse
207 1928 346 1979 Romanos
356 1928 516 1992 nunciatur3
537 1930 696 1980 necessario
706 1932 846 1981 sententia
857 1930 910 1981 dez

96 1999 202 2049 sistunt
216 1997 384 2066 legatosque
400 1997 566 2063 deprecandi
586 2013 686 2050 caussa
701 1999 736 2050 ad
755 2001 901 2051 Caesarem
922 2005 928 2018 ¹

95 2069 223 2136 mittunt3
235 2068 340 2121 adeunt
350 2081 399 2133 per
408 2067 528 2127 Aeduos,
544 2083 661 2135 quorum
673 2070 827 2136 antiquitus
839 2070 902 2120 erat

95 2138 125 2188 in
142 2136 199 2194 fide
214 2137 318 2187 civitas.
354 2135 490 2190 Libenter
509 2139 611 2188 Caesar
625 2138 783 2203 petentibus
797 2137 901 2188 Aeduis

96 2207 148 2258 dat
156 2207 263 2257 reniam
276 2208 540 2275 excusationemque
552 2208 667 2274 accipit3
679 2206 752 2274 quod
765 2209 901 2257 aestivum

96 2271 207 2342 tempus
218 2277 349 2328 instantis
361 2276 440 2339 belli,
463 2291 519 2328 non
529 2277 699 2343 quaestionis
711 2290 773 2327 esse
784 2275 900 2326 arbitra·

95 2347 190 2398 batur.
227 2346 375 2398 Obsidibus
386 2347 530 2413 imperatis
543 2353 661 2408 centum,
683 2343 734 2395 hos
744 2343 846 2396 Aeduis
857 2339 902 2394 cuss

96 2416 262 2468 stodiendos
273 2415 367 2466 tradit.
400 2416 505 2467 Eodem
516 2415 651 2466 Carnutes
662 2415 769 2482 legatos
781 2412 901 2464 obsides

97 2501 152 2554 que
173 2485 301 2552 mittunt,
332 2486 375 2536 usi
395 2484 624 2552 deprecatoribus
647 2484 754 2547 Renris,
800 2496 900 2535 uorum

97 2560 178 2606 erant
188 2557 215 2606 in
228 2553 367 2607 clientela:
400 2556 496 2608 eadem
509 2553 753 2621 icruntresponsa.
812 2550 902 2622 eregit

96 2617 245 2677 cone'ili'um
255 2626 359 2678 Caesar
371 2627 532 2693 equitesque
544 2625 661 2691 imperat
672 2622 840 2676 civitatibus.

149 2695 184 2747 V.
203 2695 263 2746 Hac
278 2700 359 2760 parte
371 2695 478 2746 Galliae
491 2700 602 2761 pacata,
631 2701 707 2750 totu
722 2698 750 2744 et
765 2698 856 2745 mente
872 2697 901 2744 et

97 2763 190 2816 auimo
207 2765 234 2814 in
249 2763 353 2816 bellum
369 2765 548 2816 'l'revirorum
565 2769 594 2816 et
608 2763 772 2834 Ambiorigis
787 2761 899 2815 insistit
