2152 3132
197 211 234 265 llil
379 204 437 260 DE
460 205 603 260 BELLO
626 204 814 259 ethnico

196 313 217 366 l
234 278 337 365 Lucio
351 309 489 374 Domitio,
508 311 595 378 Appio
612 307 744 373 claudio,
763 309 841 362 coss.
854 307 1003 363 discedens

196 383 231 434 ab
252 381 374 434 hibernis
390 383 492 434 Caesar
509 381 538 432 in
553 379 678 443 ltaliam,
704 383 736 430 ut
746 381 890 448 quotannis
905 379 1002 432 iacere

193 457 361 516 consuerat,
382 451 482 519 legatis
496 451 629 517 Imperat,
647 464 717 517 quos
727 448 881 570 leiionibus
892 448 1002 516 praefe-

196 528 285 586 cerat,
303 523 358 585 uti,
376 535 458 589 quarn
473 517 606 586 plurimas
616 523 742 585 possent,
778 521 943 572 icmcnaves
955 533 1001 572 ao·

197 590 349 644 diticandas
364 596 526 658 veteresque
540 588 703 641 reficiendas
720 594 860 642 curarent.
894 587 1002 641 Earum
1059 625 1060 630 =

196 662 310 713 modum
320 660 492 728 formamque
502 659 683 711 demonstrat.
700 658 741 710 Ad
753 659 924 712 celeritatem
936 673 1004 711 one·

196 732 277 784 randi
286 730 537 797 subductionesque
546 727 640 796 paullo
649 727 717 780 facit
726 726 896 791 humiliores,
916 744 1002 796 quam

196 803 295 868 quibus
313 803 453 852 innostro
469 800 539 850 mari
554 799 596 848 uti
610 797 815 862 consuevimus3
832 804 916 867 atque
926 798 956 850 id
966 813 1000 850 eo

195 873 295 938 magis,
306 867 377 940 quod
387 875 502 935 propter
512 865 622 920 crebras
633 871 860 920 commutationes
871 874 1000 920 aestuum

196 941 287 992 miuus
303 949 417 1005 magnos
433 939 471 990 lbi
486 936 585 988 lluctus
594 937 656 994 lieri
665 942 847 1004 cognoverat:
866 936 902 988 ad
912 953 1001 989 onera

196 1014 227 1060 ct
253 1007 290 1059 ad
313 1007 519 1059 multitudinem
547 1008 733 1074 lamentorum
753 1008 1000 1073 transportandam

195 1077 289 1144 paullo
301 1076 424 1138 latiores,
439 1091 520 1145 quam
532 1076 630 1143 quibus
640 1076 669 1126 in
679 1075 793 1143 reliquis
802 1077 908 1127 utimur
917 1077 1001 1128 mari·
1060 1093 1061 1108 ¹

194 1145 257 1198 bus.
290 1147 350 1198 Has
366 1161 462 1198 ornnes
479 1146 617 1197 actuarias
631 1145 751 1212 imperat
765 1147 839 1208 lieri,
862 1159 944 1213 quam
961 1147 999 1198 ad

195 1220 255 1270 r'em
269 1215 389 1267 multum
400 1214 540 1268 humilitas
550 1215 668 1268 adiuvat
702 1216 757 1279 Ea,
775 1229 845 1283 quae
860 1215 999 1268 suntusui

195 1288 231 1342 ad
250 1287 398 1339 armandas
417 1301 514 1349 nares,
540 1299 575 1337 ex
593 1284 729 1352 Hispania
747 1285 891 1352 adportari
910 1285 999 1339 iubet.

194 1359 266 1426 Ipse,
283 1356 463 1410 conventibus
474 1354 582 1407 Galliae
591 1355 729 1406 citerioris
742 1357 875 1422 peractis,
893 1355 922 1405 in
932 1353 999 1424 llly-

194 1430 299 1491 ricum,
318 1427 514 1493 proficiscitur,
532 1423 605 1494 quod
620 1439 638 1476 a
650 1421 766 1478 Pirustis
780 1423 927 1478 finitimam
937 1439 999 1493 par·

193 1503 251 1551 tem
271 1498 427 1565 prorlnciac
445 1493 649 1566 incursionibus
665 1497 768 1546 vastari
779 1495 915 1548 audiebat.
953 1497 998 1548 Eo

195 1579 280 1637 quum
291 1568 424 1630 venisset,
447 1565 602 1618 ciuitatibus
613 1563 715 1617 mllites
725 1565 856 1635 imperat,
879 1571 997 1620 certum-

195 1650 249 1705 qnc
260 1637 390 1689 inlocum
401 1635 641 1688 convenireIubet
679 1635 741 1698 Qua
751 1651 782 1687 re
792 1637 934 1700 nunciata,
953 1635 998 1688 Pi-

194 1713 290 1760 rustae
306 1705 414 1775 legatos
428 1705 463 1758 ad
480 1719 543 1757 eum
557 1705 685 1768 mittunt,
708 1705 754 1772 qui
770 1705 900 1768 doceant,
926 1704 997 1758 nihil

195 1790 291 1828 earnm
300 1791 394 1828 rerum
406 1774 516 1841 publico
525 1774 627 1825 Iactum
639 1773 772 1838 consilio,
791 1789 905 1844 seseque
917 1791 996 1843 para·

193 1853 238 1896 tos
248 1859 309 1895 csse
320 1844 526 1907 demonstrant,
544 1844 669 1894 omnibus
679 1843 833 1896 rationIbus
842 1845 876 1898 de
887 1846 996 1898 iniuriis

193 1912 363 1965 satisfacere.
399 1913 518 1980 Accepta
536 1914 663 1964 oratione
677 1927 786 1978 eorum,
808 1915 909 1968 Cacsar
925 1917 995 1968 obsi·

194 1984 243 2035 des
258 1985 389 2048 imperat,
408 1996 512 2050 eosque
527 1983 562 2034 ad
577 1988 680 2034 certam
696 1983 769 2035 dicm
785 1983 885 2037 adduci
902 1986 995 2039 iubet:

92 2068 95 2075 ·
193 2055 247 2105 nIsi
262 2053 302 2102 ita
317 2049 447 2113 fecerint,
471 2067 532 2105 sese
547 2051 622 2104 hollo
634 2053 773 2105 civitatem
787 2060 994 2122 persecuturum

195 2123 378 2176 demonstrat.
413 2121 467 2172 llis
478 2122 513 2172 ad
524 2123 596 2174 diem
606 2120 744 2186 adductis,
762 2129 796 2175 ut
804 2125 994 2192 imperaverat,

195 2193 315 2245 arbitros
329 2191 538 2268 lntcrcivitates
549 2192 609 2256 dat,
629 2194 676 2262 qui
686 2189 764 2246 litem
774 2195 923 2248 aestiment
933 2209 995 2266 poe·

195 2264 313 2330 namque
323 2266 502 2313 constituant

229 2333 264 2384 ll.
283 2331 336 2382 His
346 2329 479 2383 coniectis
488 2330 572 2384 rebus
582 2332 813 2402 renitentibusque
823 2336 951 2402 peractis,
965 2337 994 2390 In

195 2401 352 2452 citeriorem
364 2400 484 2453 Galliam
498 2404 648 2454 revertitur
663 2407 746 2472 atqua
760 2403 824 2468 inde
839 2405 874 2456 ad
894 2407 995 2458 exerci-

194 2475 254 2522 tum
270 2472 462 2538 prolicIscitur.
481 2471 540 2536 ,uo
554 2487 636 2540 quum
653 2471 785 2534 venisset,
806 2475 928 2526 circuitis
939 2489 993 2528 onr-

193 2537 274 2592 nibus
291 2538 427 2605 hibernis,
444 2541 578 2610 singulari
594 2541 829 2608 militumstudic‚
848 2546 877 2597 in
887 2559 992 2597 summa

194 2611 317 2662 omnium
330 2623 422 2662 rorum
436 2611 541 2680 inopia,
562 2613 672 2666 circiter
678 2612 730 2678 Dc
740 2615 800 2666 elus
810 2615 931 2682 generls,
949 2631 991 2666 cu·

192 2679 237 2730 lus
246 2693 331 2745 supra
340 2680 605 2744 demonstravimus,
623 2697 717 2747 naves,
730 2683 865 2752 etlurrgas
875 2683 991 2738 XXVIII

193 2747 298 2802 invenit
311 2749 469 2818 Instructas,
483 2767 573 2824 neque
586 2752 705 2806 multum
714 2755 811 2810 abesse
820 2755 855 2808 ub
866 2767 909 2820 eo,
925 2756 989 2826 quin
