2150 3124
429 141 577 226 usura
609 167 629 225 ι
908 174 931 254 ¹a

121 279 204 339 sunt,
220 275 322 344 oppida
331 288 383 326 sua
393 278 498 339 omnia,
511 290 629 328 numero
637 275 672 328 ad
684 275 827 329 duodecim
834 312 842 340 ,
853 279 930 330 vicos

124 347 161 398 ad
183 347 413 414 quadringentos,
441 346 548 415 reliqua
567 346 675 414 priuata
693 346 820 398 aedilicia
838 348 931 400 isicem

123 416 211 478 dunt,
230 415 400 468 frumentum
412 430 510 479 omne,
523 421 636 482 praeter
651 416 828 484 quodsecum
839 425 931 484 porta·

122 487 183 538 turi
204 492 305 548 simam,
318 485 496 550 oombur,uut
520 491 564 548 ut,
584 486 695 538 domum
715 485 860 538 reditionis
880 502 929 554 spe

123 555 248 617 sublata,
266 557 423 636 paratiores
438 555 473 608 ad
488 556 580 606 omnia
596 554 721 622 pericula
731 556 872 608 subeunda
890 572 931 609 es-

124 636 201 677 sent:
225 625 311 676 tm'um
333 626 469 676 mensium
488 625 588 676 molita
604 624 707 676 cibaria
726 625 778 676 sibi
794 641 931 694 quemque

126 697 210 746 donro
232 693 333 746 efferre
353 695 460 746 iubent.
496 694 669 746 Persuadent
683 694 819 746 Rauracis
832 701 861 747 et
875 698 932 748 'l'u-

124 766 210 832 lingis
221 771 250 816 et
259 765 418 831 Latobrigis
428 765 567 830 finitimis,
578 766 632 825 uti,
644 763 741 816 eodem
753 766 796 814 usi
807 765 931 828 consilio,

125 831 236 902 oppidis
245 836 303 886 suis
313 836 434 902 vicisque
445 831 570 896 exuritis,
573 848 701 886 unacum
711 835 746 886 iis
757 835 932 918 proticiscsp-

124 913 186 958 ωιι
207 903 362 972 Boiosque,
383 905 430 972 qui
446 911 523 955 trans
536 903 662 955 Rhenum
676 904 858 966 incoluerant
864 907 931 957 etin

126 990 225 1044 agrum
244 973 376 1027 Noricum
397 976 567 1026 transierant
587 973 773 1043 Noreiamque
793 989 931 1046 oppugna·

124 1051 205 1108 rant,
217 1050 344 1110 receptos
354 1044 394 1096 ad
401 1059 432 1096 se
442 1045 533 1095 socios
544 1044 595 1096 sib'i
605 1044 770 1097 adsciscunt.

195 1114 244 1167 Vl.
279 1116 368 1166 Erant
383 1114 498 1166 omnino
510 1114 617 1166 itinera
626 1114 696 1180 duo,
715 1115 812 1184 peribus
825 1115 932 1168 itineri-

124 1185 360 1240 busdomoexire
371 1189 496 1250 possent
516 1199 600 1234 unum
613 1198 664 1250 per
673 1182 832 1256 Sequanos
846 1201 931 1252 angu-

125 1262 200 1308 stum
212 1259 241 1306 et
251 1253 376 1335 dillieile,
386 1255 461 1306 inter
471 1259 594 1306 montem
605 1255 696 1306 luram
707 1260 736 1306 et
745 1251 848 1326 flumen
859 1253 932 1306 Rho·

118 1326 242 1387 danum,
257 1325 307 1376 rix
321 1339 382 1391 qua
391 1323 498 1390 singuli
506 1324 577 1375 carri
590 1322 772 1388 ducerentur3
796 1311 875 1376 mdns
886 1341 932 1379 au·

125 1404 184 1447 tem
196 1394 348 1445 altissimus
358 1394 547 1460 impendebat,
567 1399 598 1444 ut
609 1393 689 1454 laeile
700 1409 830 1460 perpauci
823 1393 933 1461 prohi·

126 1465 194 1517 bero
203 1469 332 1531 possent.
348 1463 468 1518 alterum
479 1479 529 1530 per
539 1465 709 1530 provinciam
720 1470 852 1526 nostram,
862 1464 933 1514 mul·

119 1543 159 1596 ‚tp
170 1533 280 1588 facilius
296 1538 380 1602 atque
392 1534 559 1599 expeditius,
580 1539 727 1600 propterea
742 1532 816 1600 quod
831 1533 933 1584 Helve-

127 1605 235 1656 tiorum
247 1602 321 1656 inter
335 1605 405 1656 lines
420 1609 449 1656 et
463 1603 657 1670 Allobrogum,
677 1603 723 1669 qui
735 1616 823 1668 nuper
837 1603 933 1668 vpacati

128 1679 225 1736 eram,
244 1671 395 1726 Rhodanus
415 1673 490 1737 fluit,
512 1674 591 1740 isque
611 1671 752 1722 nonnullis
771 1671 841 1724 loois
862 1671 933 1732 rado

127 1745 274 1796 transitum
310 1745 474 1802 Extremum
485 1743 613 1809 oppidum
623 1742 755 1794 Aellobro
737 1757 802 1810 gum
814 1746 856 1795 ast
871 1755 933 1808 pru-

126 1817 289 1881 ximumque
301 1810 494 1864 Helvetiorum
504 1812 617 1880 tinibus,
632 1811 753 1864 Genera.
788 1813 875 1864 Exeo
887 1826 934 1878 op·

127 1883 195 1950 pido
207 1898 277 1949 pons
291 1882 326 1936 ad
336 1881 483 1935 Helvetios
500 1883 630 1950 pertinet.
655 1882 860 1949 Allobrogibus
871 1896 934 1944 sese

129 1953 175 2004 uel
189 1966 383 2020 persuasurus,
404 1952 479 2020 quod
493 1951 614 2008 nondum
625 1944 699 2004 bono
709 1952 838 2018 animuin
848 1965 933 2018 popu-

118 2023 187 2080 ,lum
199 2022 354 2074 Romanum
363 2021 534 2085 viderentur,
554 2021 760 2104 existimabant3
780 2021 933 2079 velricoa·

127 2099 231 2154 muros,
242 2096 273 2144 ut
282 2107 331 2158 per
341 2106 407 2142 suos
416 2093 486 2145 fines
497 2106 545 2143 eos
554 2081 597 2154 ire
607 2097 778 2157 paterentur.
799 2091 933 2143 omuibus

38 2181 44 2188 ·
127 2161 213 2216 rebus
224 2161 259 2212 ad
269 2161 469 2228 protectionem
480 2162 659 2228 comparetis,
670 2161 743 2213 diem
754 2161 862 2243 dicum,
878 2175 934 2226 qua

128 2231 175 2284 die
185 2230 254 2282 ad
231 2245 323 2298 ripam
332 2229 459 2284 Rhodani
470 2246 566 2283 omnes
575 2233 751 2284 coruveuiant.
769 2233 793 2281 is
804 2230 861 2281 dies
872 2233 934 2282 erat

130 2299 242 2352 adv
247 2300 312 2352 Kal.
322 2299 387 2367 ilpr.
396 2301 429 2352 L.
441 2300 595 2362 Pisonem.
607 2299 724 2364 Gabinio
737 2300 811 2352 Coss.

119 2405 121 2412 ν
181 2369 242 2423 vll.
280 2371 395 2442 Caesari
406 2385 489 2438 quum
504 2369 531 2420 id
547 2373 705 2422 neumatum
717 2374 805 2431 esset,
826 2383 873 2420 eos
883 2381 934 2433 per

128 2440 297 2508 provinciam
313 2433 436 2492 nostram
451 2441 506 2492 itur
519 2438 612 2492 iucem
630 2440 738 2500 conari,
758 2443 879 2490 maturat
897 2437 932 2489 ab

127 2508 200 2560 urbe
210 2510 358 2575 proticisci3
382 2516 423 2572 et,
444 2510 659 2577 quammaximis
674 2513 765 2574 potest
780 2507 932 2570 itineribus,

127 2581 158 2632 lu
169 2577 290 2630 Galliam
306 2578 467 2632 ulteriorem
483 2579 624 2638 contendit
638 2583 667 2629 et
676 2578 711 2629 ad
723 2576 861 2630 Generum
872 2593 933 2644 per·

127 2649 216 2700 venit:
233 2649 388 2715 provinciae
398 2650 451 2700 toti
462 2662 543 2714 quam
551 2649 700 2704 maximum
711 2652 804 2714 potest
813 2647 932 2702 militnm

123 2733 277 2796 ,umerum
291 2719 421 2794 metata
446 2719 520 2780 (erat
534 2718 648 2778 omnino
658 2715 789 2792 infiallia
798 2716 932 2790 ulterime
