2180 3140
199 213 253 269 ate
416 215 474 269 ne
493 195 794 271 sunnocrvrnr

198 320 301 372 timore
310 321 367 372 iter
381 317 521 382 tacerem,
540 323 780 388 ususuperiorum
797 325 953 387 temporum
965 323 1003 371 'st'

199 391 396 459 que-itinerum
406 389 528 440 lieentia.
551 391 640 441 Erant
651 391 807 456 complures
818 389 928 441 honesti
940 389 1010 441 udo·

198 460 346 521 leocrates,
357 463 521 510 senatorum
532 459 584 510 lilii
594 467 623 512 et
633 461 740 511 ordinis
751 461 905 528 equestris3
924 467 1008 512 erant

198 529 355 597 legationes
375 529 534 590 civitatum3
554 535 637 580 erent
653 529 740 598 legati
761 531 899 582 caesaris.
942 530 1004 581 llos

199 613 296 669 ornnes
317 597 432 649 tlumina
450 599 639 650 continebant
673 599 714 650 Ad
733 598 786 650 bos
807 598 1004 664 opprimendos

199 683 261 721 eum
273 667 348 719 omni
363 669 488 735 equitatu
499 668 644 734 tribusque
659 668 816 735 legionibus
826 667 957 720 Afranius
968 669 1005 720 de

199 744 281 792 noete
292 738 479 804 proficiscitur
487 737 733 806 imprudentesque
743 744 809 792 ante
820 739 915 789 missis
927 740 1005 806 equi·

198 808 275 858 tibus
285 806 459 874 adgreditur.
481 805 618 858 Celeriter
627 813 721 859 tumen
731 823 795 860 sese
806 806 882 858 Galli
895 809 1005 875 equites

201 876 354 942 expediunt
372 875 566 944 proeliumque
587 879 772 928 committunt.
808 877 856 939 lli,
867 876 931 928 dum
942 878 1005 944 pari

200 947 352 998 certamine
362 959 409 996 res
422 944 483 1011 geri
497 947 598 1009 potuit,
616 952 746 1015 magnum
766 945 890 998 hostium
909 962 1005 998 nnme-

202 1029 262 1067 rum
282 1015 365 1081 peuri
384 1014 558 1077 sustinuere3
576 1016 635 1078 sed,
654 1017 702 1068 ubi
717 1018 796 1083 signa
806 1016 946 1083 legionum
957 1015 1005 1068 ed·

201 1085 385 1151 propinquare
395 1088 557 1147 coeperunt,
576 1087 671 1150 paneis
683 1087 803 1149 emissis,
814 1100 877 1136 sese
888 1087 917 1136 in
927 1101 1005 1138 mon-

201 1159 246 1205 tes
262 1155 404 1219 proximos
419 1150 576 1203 eonferuut.
611 1155 674 1206 lloe
690 1170 800 1222 pugnae
820 1160 931 1222 tempus
950 1171 1006 1206 ma-

201 1238 286 1292 gnum
305 1221 407 1273 adtulit
421 1221 527 1272 uostris
542 1221 578 1272 ad
593 1223 711 1276 salutern
727 1229 910 1276 momentum:
930 1227 1005 1276 nunti

202 1295 275 1345 enim
286 1293 403 1358 spatium
414 1307 445 1342 se
455 1292 484 1342 in
494 1291 557 1342 loca
567 1295 711 1360 superiora
719 1295 895 1362 receperunt:
927 1293 1007 1346 Desi-

202 1362 292 1416 derati
301 1367 369 1413 snut
380 1375 414 1412 eo
425 1360 471 1413 die
481 1362 616 1428 sagittarii
628 1363 804 1429 circumiit),
818 1366 929 1432 equites
938 1378 1006 1433 peu-

201 1433 236 1494 oi,
251 1432 378 1484 calonum
391 1436 474 1499 utque
484 1431 746 1498 impedimentorum
759 1450 814 1487 non
825 1448 943 1502 mugnus
956 1449 1005 1486 nu·

200 1515 306 1623 meffil:
323 1571 376 1622 llis
386 1575 482 1622 tamen
492 1571 621 1624 omnibus
632 1575 853 1626 annumerent:
864 1570 1005 1640 quaesere

201 1655 247 1693 res
263 1640 427 1692 noneolnm
447 1641 541 1707 inopia
560 1645 723 1709 praesentis,
743 1643 896 1696 sedetiam
915 1641 1004 1694 futuri

200 1710 335 1777 temporie
346 1711 447 1761 timore
456 1710 652 1778 ingravescere
663 1715 815 1765 consuevit.
845 1713 959 1779 lamque
969 1712 1004 1763 ad

201 1779 336 1831 denarios
345 1778 370 1830 L
380 1781 409 1829 in
419 1779 547 1846 singulos
555 1780 665 1836 modios
674 1797 785 1835 annona
799 1786 1005 1850 perveneratet

200 1847 319 1900 militum
330 1849 405 1900 vires
414 1847 512 1914 inopia
522 1848 655 1904 frumenti
666 1853 854 1916 deminuerut3
871 1857 955 1919 atque
966 1852 1006 1901 iu-

201 1915 348 1990 oommode
362 1918 392 1969 in
408 1916 468 1968 dies
485 1920 673 1986 augebantur3
693 1928 789 1974 ettam
800 1922 896 1991 paucis
907 1920 1005 1973 diebus

200 2000 303 2054 magne
313 1989 376 2038 erut
384 2001 477 2038 rerum
487 1986 562 2040 laete
571 1994 750 2044 commutatio
761 2005 794 2043 eo
804 2001 834 2043 ee
843 1991 958 2044 fortuna
966 1991 1006 2042 in·

200 2055 368 2120 olineveret'
375 2062 409 2107 ut
417 2058 506 2110 nostri
517 2073 618 2128 magne
627 2061 722 2130 inopia
731 2062 950 2114 neomeniarum
961 2075 1004 2113 re·
1042 2061 1044 2066 '

200 2124 517 2192 nunnonniotnentnn
528 2129 572 2182 illi
582 2131 712 2183 omnibns
724 2131 900 2183 abundarent
910 2130 1003 2194 rebus,

200 2197 418 2266 superioresque
437 2195 617 2253 haberentur.
659 2201 816 2253 Gaesar'iis
836 2201 1002 2264 civitatibus,

221 2279 274 2317 uno
285 2265 320 2318 sd
332 2268 391 2319 eius
401 2268 550 2320 amicitiam
561 2275 752 2334 accesserant,
772 2284 827 2339 qno
838 2271 930 2321 minor
940 2278 1002 2321 erat

247 2337 333 2388 menti
344 2337 431 2404 copie,
443 2352 525 2404 pecus
536 2340 706 2408 imperobet3
727 2340 839 2392 calones
850 2337 885 2390 ed
896 2339 1002 2406 longin-

199 2405 311 2486 quiores
322 2407 450 2459 oiritates
459 2407 640 2474 dimittebut3v
654 2411 714 2477 ipse
725 2415 902 2477 praesentem
909 2410 1001 2475 ¹inopi-

198 2475 906 2617 ”fflnlrllztitslllbultl:²:¹32nn
922 2546 1000 2599 nn

139 2637 146 2650 ·
198 2609 324 2676 pleniora
340 2614 424 2664 etiem
439 2621 525 2683 etque
541 2616 799 2668 uberiora-Romam
816 2616 851 2668 ud
861 2631 928 2668 suris
940 2629 998 2682 per·

189 2679 364 2731 ¹seribebnnt.
400 2683 492 2735 Multa
501 2684 997 2754 rumorlingebet,utpuenebellum

197 2745 353 2810 conlectum
363 2750 514 2804 rideretur.
539 2753 644 2817 Quibus
656 2756 759 2808 litteris
769 2759 934 2826 nunciisque
946 2755 994 2808 llo
