2180 3140
392 165 600 220 alleuati.
847 163 897 220 281

91 285 176 323 nares
185 272 316 322 triremes
326 270 398 322 duae
408 285 508 322 narem
518 270 554 322 l).
564 271 655 334 Bruti,
669 286 741 341 quae
751 286 787 324 ex
795 271 900 340 insigni

89 341 172 392 l'acile
193 343 308 409 agnosci
328 347 449 406 poterat,
469 340 577 393 duabus
594 343 771 409 expertibus
788 353 857 392 sese·
871 342 901 390 in

93 425 155 462 eam
176 412 375 462 incitaverant:
395 410 445 461 sed
465 415 586 473 tantuna,
605 425 637 464 re
657 412 777 480 provisa,
797 411 902 462 Brutus

88 480 240 533 ¹celeritate
251 482 329 532 uaris
341 483 436 532 enisus
447 485 506 542 est,
525 486 558 531 ut
572 494 657 547 parvo
666 487 811 532 momento
821 486 900 530 ante·

92 550 215 602 cederet
251 551 321 602 lllae
332 551 402 603 adeo
419 551 542 617 graviter
557 551 632 602 inter
647 565 679 603 se
690 552 825 602 incitatae
835 565 899 601 corr·

92 619 240 682 flixerunt,
259 623 291 672 ut
302 619 544 672 vehementissime
558 624 694 687 atraeque
710 634 746 672 ex
761 633 899 670 concursu

91 689 268 752 laborarent3
287 691 379 741 altera
388 703 453 740 reru
464 687 621 755 praefracto
637 696 731 742 rostro
742 694 803 740 tuta
814 688 899 740 colla·

92 759 217 810 bellaret.
253 760 315 820 Qua
325 775 355 810 re
364 761 488 810 animum
499 757 626 822 adversa,
637 775 708 827 qaae
719 759 862 826 prrrxirnae
873 758 899 808 el

92 828 154 878 loco
171 842 207 878 ex
222 827 304 878 Bruti
319 829 409 881 classe
422 838 509 880 naves
530 836 624 890 erant,
643 831 672 880 in
689 845 736 881 eas
751 827 899 893 impeditas

92 900 225 962 impetam
238 896 343 948 saciant
353 897 540 964 celeriterque
556 899 651 950 aurbas
661 899 830 965 deprimunt.

148 965 209 1018 Vll.
227 963 284 1017 Sed
295 967 466 1020 Nasidianae
474 982 558 1018 naves
568 968 644 1020 nullo
655 969 719 1020 usui
733 967 847 1020 l'uerunt
857 981 900 1018 ce·

92 1037 248 1102 loriterque
257 1050 350 1104 pugna
362 1043 552 1089 excesserunt:
564 1054 621 1090 non
632 1039 705 1090 enim
716 1035 766 1088 lras
777 1044 826 1089 aut
837 1052 901 1088 eom

93 1113 207 1172 spectus
216 1107 326 1173 patriae
341 1115 389 1158 aut
405 1107 623 1174 propinquorum
638 1113 789 1175 praecepta
804 1106 840 1158 ad
854 1119 901 1156 ex·

93 1181 214 1226 tremam
224 1176 300 1228 vitae
311 1178 464 1242 periculam
481 1176 560 1227 adire
575 1179 721 1246 cogebant.
757 1177 853 1242 ltaque
866 1188 901 1224 ex

92 1261 127 1296 ea
138 1260 255 1296 nunteru
266 1248 378 1298 nariam
390 1246 467 1296 nullu
477 1245 637 1298 desiderata
653 1253 710 1308 est,
733 1260 768 1298 ex
779 1243 901 1296 Massili-

92 1317 201 1365 ensium
220 1315 309 1368 classe
329 1317 450 1383 quinque
469 1321 534 1366 sarit
549 1314 707 1383 depressae,
719 1321 839 1383 quatuor
858 1326 902 1362 ca·

94 1389 166 1450 ptau,
177 1399 232 1436 una
242 1400 303 1436 cum
315 1385 472 1436 lt'asidianis
484 1383 621 1453 profugit:
643 1401 715 1453 quae
726 1399 822 1435 omnes
834 1382 900 1434 cite-

92 1455 196 1506 riorem
216 1455 382 1522 Hispaniam
403 1457 576 1521 petiverunt:
602 1462 633 1506 at
653 1469 688 1506 ex
709 1453 825 1520 reliquis
845 1465 902 1502 aaa

93 1526 245 1590 praemissa
255 1525 421 1587 Massiliam,
433 1522 513 1576 buius
524 1525 617 1576 nuncii
629 1521 786 1591 perferendi
798 1519 900 1588 gratia,

92 1610 176 1661 quarn
187 1596 242 1648 iam
253 1593 665 1662 adpropinquareturbi,ononis
677 1607 739 1645 sese
750 1588 901 1642 multituda

92 1664 128 1714 ad
138 1665 362 1731 cognoscendum
374 1662 474 1715 ellbdit
490 1679 536 1726 uc,
557 1679 588 1715 re
605 1665 731 1730 cognita,
752 1667 848 1712 tantus
859 1659 900 1710 lu·

92 1739 153 1785 ctus
165 1737 288 1800 excepit,
308 1741 340 1784 ut
350 1734 419 1785 urbs'
427 1734 460 1786 ab
477 1732 603 1786 hostibus
614 1739 695 1800 capta
706 1731 805 1785 eodem
815 1729 900 1780 resti·

92 1805 140 1871 gia
151 1804 299 1856 rideretur.
336 1805 528 1856 Massilienses
540 1811 634 1856 tamen
646 1802 734 1856 nihilo
746 1797 902 1871 sequiusad

94 1873 287 1925 defensionem
300 1874 377 1926 urbis
388 1875 496 1942 reliqua
506 1873 640 1940 adparere
651 1879 812 1940 coeperunt.

148 1944 171 1996 V
173 1944 219 1994 lll.
240 1945 292 1994 Est
302 1944 523 1996 arrinradrersam
534 1945 568 1997 ab
578 1945 756 2014 legionariis,
776 1943 822 2010 qui
835 1941 900 1994 dex-

93 2019 163 2062 tram
176 2020 284 2080 par·tem
294 2015 386 2075 ‹iperis
397 2015 639 2078 administrabant,
655 2027 690 2066 ex
701 2013 805 2066 crebris
816 2010 902 2062 hristi-

94 2096 140 2132 am
152 2081 351 2150 eruptionibus,
364 2099 465 2152 magno
475 2085 529 2135 sibi
539 2099 601 2136 esse
612 2085 751 2151 praesidio
763 2095 856 2149 posse,
877 2080 901 2130 si

95 2165 146 2216 pro
157 2151 275 2204 castello
284 2167 317 2204 ao
332 2154 507 2219 receptaculo
522 2156 622 2204 turrim
633 2167 669 2204 ex
681 2153 771 2206 latere
781 2151 832 2202 sub
844 2163 902 2199 mu·

96 2236 128 2271 ro
141 2219 281 2282 iecissent,
301 2237 382 2288 qnam
394 2221 527 2287 primoad
541 2223 702 2289 repentinos
714 2222 842 2272 incursus
853 2215 902 2268 hu·

95 2289 189 2341 milem
201 2305 368 2358 parvamque
378 2290 513 2342 fecerant.
531 2293 629 2344 Hucse
640 2290 815 2342 referebant:
828 2285 901 2348 binc,

96 2362 119 2410 si
139 2374 195 2426 qua
214 2361 306 2411 maior
326 2364 506 2426 oppresserat
528 2362 577 2422 ris,
590 2359 814 2427 propugnabant:
838 2354 902 2406 lrino

95 2430 130 2481 ad
141 2429 333 2496 repellendum
351 2438 380 2480 et
394 2429 619 2496 prosequendum
634 2428 742 2480 bostem
755 2439 902 2495 procurre·

94 2501 171 2552 bant.
216 2499 334 2552 Patebat
353 2497 422 2551 baec
443 2513 652 2567 quoquoversus
673 2497 757 2564 pedes
776 2497 901 2564 triginta,

94 2570 143 2622 sad
155 2571 292 2637 parietum
304 2569 460 2621 crassitudo
472 2569 554 2635 pedes
566 2570 699 2637 quinque:
717 2575 816 2635 postea
824 2581 902 2628 ven),

96 2646 126 2691 ut
136 2647 182 2692 est
192 2655 286 2692 rerum
298 2641 421 2692 omniurn
433 2639 570 2707 magister
581 2655 656 2703 usas,
671 2636 812 2691 honriuum
823 2636 900 2690 adhi·

95 2711 153 2764 bita
163 2711 300 2776 sollertia,
320 2713 463 2764 inventum
474 2716 528 2776 est,
547 2725 649 2780 magna
661 2724 724 2765 esse
734 2710 797 2764 usui
808 2722 900 2777 porse,
