2134 3148
174 133 231 187 421
358 136 390 185 Α.
409 133 550 184 lilllTll
565 131 622 184 DE
642 129 786 184 BELLO

173 241 203 291 in
224 239 374 292 itiner-ees
386 237 493 304 oppidis
509 243 540 288 et
554 237 676 288 castellis
697 231 855 304 legationes
876 236 987 298 venire,

172 309 302 378 polliceri
314 307 485 358 frumentum
499 313 668 374 paratosque
681 321 754 368 esse,
767 321 838 373 quae
847 306 986 372 imperas·

174 385 229 440 set,
242 377 343 428 lacere.
380 379 475 444 ltaque
487 392 520 428 eo
532 377 578 427 die
593 383 686 427 castra
699 379 793 444 posuit
803 375 838 426 ad
851 376 988 442 oppidum·

174 449 330 514 'Ruspinam
341 448 476 498 Kalendis
488 447 635 497 Ianuariis.
709 503 714 513 ,

232 517 290 568 Vll.
310 517 476 567 loderoorit
487 521 516 566 rt
529 515 701 582 pervenitad
717 513 850 582 oppidani
861 514 988 580 Leptim,

151 589 153 596 “
173 586 293 638 liberam
310 588 452 637 diritatem
465 593 492 636 et
504 587 664 636 immunem.
700 585 805 652 legati
826 599 860 634 ex
881 584 988 650 oppido

174 657 294 708 veniunt
309 657 438 718 obriam,·
451 657 573 706 libenter
588 671 619 706 se
636 657 730 706 onmia
750 655 890 715 facturos,
913 669 987 718 quae
1047 655 1048 670 ¹

175 726 270 784 uellet,
287 727 462 792 pollicentur.
499 727 606 793 ltaque,
618 725 829 776 centurionibus
842 723 876 772 ad
889 729 988 788 portas

178 796 277 862 oppidi
286 803 315 844 ct
329 795 465 845 custodiis
477 795 630 860 impositis,
653 810 687 845 ne
699 795 762 862 quis
778 794 897 844 milesio
909 794 989 859 oppi-

177 865 242 915 duur
255 865 396 926 introiret,
413 873 462 915 aot
474 867 604 914 iniurium
616 865 723 915 iaceret
735 865 855 929 cuipiam
867 865 989 925 incolae,

176 934 327 1001 noolooge
339 935 376 984 ab
386 936 487 1002 oppido
500 934 652 984 secundnm
664 935 731 984 litus
743 933 810 984 lacit
821 939 922 983 rastra.
936 934 989 984 Eo·

177 1004 242 1054 dom
253 1017 338 1054 nares
348 1005 494 1056 orierariae
507 1013 536 1054 et
551 1005 651 1069 longae
663 1004 813 1074 nonnullae
825 1019 891 1054 casu
903 1003 988 1054 adre-

178 1079 297 1136 nerunt3
316 1072 452 1140 reliquae,
472 1081 505 1124 ut
520 1081 565 1124 est
581 1075 610 1123 ei
625 1077 797 1136 nunciatum,
808 1075 935 1124 incertae
949 1073 989 1122 lo-

179 1159 276 1194 corum
291 1143 401 1196 Vticam
423 1159 520 1194 versos
542 1150 639 1210 petere
660 1145 737 1194 sisae
757 1149 831 1194 sunt.
868 1142 990 1194 interim

178 1216 285 1266 Caesar
296 1229 315 1264 a
323 1215 391 1264 mari
404 1229 459 1265 non
471 1213 593 1280 digredi,
615 1227 706 1282 neque
721 1212 933 1264 mediterranea
944 1229 990 1279 po·

178 1293 240 1335 tere
258 1290 373 1350 propter
389 1285 500 1334 riarium
519 1298 656 1346 errorem,
677 1285 888 1352 equitatumque
901 1285 931 1333 in
942 1298 991 1333 rra·

178 1355 259 1405 ribus
270 1369 378 1405 omnem
391 1345 550 1416 continere,
571 1359 602 1402 ut
617 1349 753 1416 arbitror,
773 1369 809 1404 ne
821 1353 884 1421 agri
897 1359 991 1404 rasta·

179 1430 294 1486 rentur3
314 1440 413 1490 aquam
424 1425 453 1474 in
466 1439 551 1476 nares
560 1425 638 1475 iubet
649 1425 827 1490 comportari.
856 1424 992 1490 Remiges

178 1494 308 1554 interim,
330 1497 379 1561 qui
399 1501 530 1560 aquatum
552 1509 567 1544 e
589 1494 705 1544 natibus
727 1495 876 1555 exierant,
895 1494 992 1545 subito

179 1565 291 1630 equites
303 1565 404 1627 Mauri,
421 1579 510 1631 neque
521 1564 697 1632 opinantibus
709 1564 893 1626 Caesarianis,
909 1563 994 1614 ador-

179 1634 212 1693 ti,
223 1633 328 1684 multos
339 1635 436 1684 iaculis
447 1635 730 1697 convulneraverunt,
741 1630 893 1684 nonnullos
904 1634 993 1685 inter·

179 1702 323 1753 fecerunt:
336 1703 427 1754 latent
436 1705 507 1754 enim
520 1704 549 1753 in
558 1703 668 1754 insidiis
680 1717 742 1754 cuni
751 1705 830 1771 equis
841 1704 915 1756 inter
927 1719 993 1754 con-

181 1771 268 1822 valles
281 1779 309 1822 et
323 1774 415 1830 subito
429 1774 582 1836 exsistunt3
603 1787 666 1836 non,
678 1779 709 1822 ut
718 1773 748 1824 id
760 1788 866 1841 canipa,
876 1774 993 1824 commi·

180 1857 233 1891 nus
246 1841 414 1908 depugnant.

235 1911 308 1962 Vlll.
329 1912 432 1963 Caesar
447 1912 562 1963 interim
574 1914 601 1962 in
615 1912 773 1966 Sardiniam
792 1913 909 1964 nuncios
926 1927 992 1964 cnm

180 1981 285 2032 litteris
296 1983 364 2032 etin
375 1982 498 2049 reliquas
509 1983 666 2049 pros-'incias
682 1985 815 2035 finitimas
826 1983 942 2046 dimisit,
961 1989 994 2032 ut

181 2051 236 2102 sibi
248 2052 360 2114 auxilia,
371 2059 553 2116 consumatus,
564 2052 743 2117 frumentum,
755 2055 836 2106 simul
848 2059 933 2119 atque
946 2053 993 2102 lit·

181 2131 259 2172 teras
280 2122 427 2188 legissent,
448 2123 586 2174 mittenda
607 2133 751 2188 curarent;
772 2123 994 2191 «muneratisque

182 2194 283 2258 partim
297 2192 412 2242 naribus
423 2194 529 2260 longis,
550 2195 694 2246 Rabirium
707 2196 868 2246 Postumum
881 2196 908 2243 in
921 2191 995 2244 Sici-

182 2262 248 2312 liam
261 2262 296 2312 ad
308 2263 460 2314 seeundum
476 2271 662 2316 conrnieatum
680 2265 878 2316 arcessendum
893 2263 995 2314 mittit.

181 2331 295 2384 iuterim
311 2333 480 2384 cumdecem
492 2335 607 2386 navibus
622 2335 713 2402 longis
724 2336 758 2386 ad
771 2335 894 2400 reliquas
905 2347 997 2384 nares

183 2403 327 2452 onerarias
338 2403 552 2470 conquirendas,
572 2419 644 2472 quae
656 2405 845 2467 deerrasseot,
866 2408 895 2454 et
906 2403 997 2455 simul
1028 2421 1030 2426 ’

182 2484 259 2540 iurare
271 2471 405 2522 tuendum
417 2473 451 2522 ab
464 2470 591 2525 hostibus
603 2476 681 2525 iubet
692 2475 839 2542 proficisci.
877 2475 950 2526 ltom
964 2475 997 2524 C.

183 2534 344 2590 Sallustium
356 2541 481 2608 Crispum
494 2549 651 2607 praetorem
664 2539 855 2598 ad'Cercinam
868 2545 998 2596 insulani

182 2619 289 2684 rursus,
300 2623 381 2673 quam
394 2611 545 2660 adversarii
557 2614 700 2678 tenebant,
713 2624 867 2684 cuniperto
878 2616 996 2668 narium

182 2685 225 2720 ire
237 2675 326 2724 iubet:
345 2678 419 2742 quod
431 2679 467 2728 ibi
481 2695 610 2745 riiagnum
625 2701 770 2738 numerum
781 2685 918 2738 frumenti
930 2699 997 2737 esso
