2168 3134
189 175 238 230 174
380 175 435 227 DE
454 173 594 228 Bonum
613 174 796 228 Gothico

186 281 245 334 euti
256 283 346 342 erant,
360 276 501 342 Quoniam,
519 279 625 346 inquit,
642 295 682 331 me
692 295 747 332 aaa
758 279 889 331 roliacum
899 296 998 333 seraa·

186 367 216 402 re
226 367 279 402 non
285 365 401 417 possum,
419 357 525 400 restrae
536 349 641 416 quidem
652 359 724 402 certe
734 349 807 401 oilae
813 349 995 418 prospiciam,

126 439 132 450 ·
187 435 251 486 piros
261 419 411 486 eupiditate
419 418 526 487 gloriae
537 418 667 470 adductus
682 419 711 471 in
719 420 868 486 perieulum
879 419 993 472 deduxi.
1062 479 1063 482 Ἴ

193 488 258 551 Vos,
281 490 350 541 dato
358 489 513 560 facultate,
536 487 755 540 oolireonsulite.
793 487 881 540 Simul
890 490 920 538 in
932 505 994 540 me·
1062 497 1063 500 ’

186 559 248 610 riios
260 557 350 610 hostis
360 559 475 626 irrupit,
493 557 655 626 duobusque
671 559 845 616 interfectis,
863 559 993 624 reliquos
1062 563 1063 566 ’

186 644 203 678 a
224 634 306 694 porta
325 629 447 695 paullum
469 628 616 678 submovit.
663 629 834 689 Conantibus
856 627 995 680 auxiliari
1062 627 1063 688 j

185 698 254 760 auis,
270 697 401 761 Frustra,
416 698 517 765 inquit,
535 697 689 749 meaeaitae
699 697 838 750 subuenire
848 697 995 761 conamini,

186 783 262 836 quem
282 766 338 818 inm
357 767 469 836 sanguis
487 765 607 834 viresque
628 766 769 836 deficiunt:
793 766 908 834 proinde
927 765 995 820 ltine

187 835 274 898 alite,
292 835 354 888 dum
365 845 406 886 est
415 836 556 906 facultas,
573 849 668 900 oorque
685 837 721 886 ad
729 835 858 904 legionem
868 836 994 902 recipite.
1062 877 1063 896 2

185 907 230 1024 pta
241 919 369 971 pugnans
380 911 444 971 post
458 905 612 972 paullulum
624 903 763 968 concidit,
789 921 822 956 ac
833 907 892 956 suis
904 906 995 957 saluti
1062 923 1063 936 ¹

199 975 249 1025 uit.
344 994 345 998 ¹
743 982 746 990 ’
1062 989 1063 1014 1

238 1040 284 1093 Li.
303 1041 410 1103 Nostri,
431 1057 513 1108 quum
531 1042 654 1108 undique
665 1048 875 1108 premerentur,
897 1041 992 1094 XLVI
1062 1101 1063 1104 Ἴ

186 1111 395 1162 centurionibus
412 1112 539 1175 amissis,
558 1110 663 1162 deiecti
678 1117 744 1162 sunt
760 1112 835 1162 loeo:
857 1112 907 1164 sed
917 1113 993 1162 into·

184 1180 322 1232 lerantius
334 1179 430 1232 Gallos
437 1181 618 1247 insequentes
630 1181 705 1248 legio
716 1181 742 1231 X
753 1181 886 1245 tardavit,
919 1197 991 1246 quae

186 1264 237 1317 pro
248 1250 374 1301 subsidio
385 1251 478 1317 paullo
490 1251 623 1316 aequiore
636 1250 697 1301 loeo
709 1252 882 1303 constiterat.
907 1251 991 1302 Hauc

184 1335 283 1370 rursus
294 1320 360 1372 Xlll
370 1320 491 1387 legionis
503 1319 633 1372 cohortes
646 1325 832 1387 exceperunt,
852 1335 932 1387 quae,
955 1334 991 1371 ex

184 1390 287 1440 castris
299 1389 452 1440 minoribus
464 1389 594 1452 eductae,
614 1405 676 1440 cunr
688 1391 720 1440 Τ.
733 1389 828 1442 Sextio
837 1389 936 1456 ,legato
949 1389 990 1440 lo·

169 1474 247 1510 =cum
259 1467 393 1525 ceperant
407 1459 589 1526 superiorem.
625 1459 782 1528 Legiones,
809 1459 858 1511 ulti
868 1460 989 1526 primurn

183 1529 329 1594 planitiem
343 1529 518 1596 adtigerunt,
549 1527 663 1579 infestis
679 1535 777 1580 ‘eontra
791 1528 886 1592 hostes
899 1528 987 1596 signis

184 1595 381 1649 constiterunt.
402 1598 621 1665 Vercingetorix
632 1599 665 1649 ab
677 1598 817 1650 radicibus
831 1598 910 1649 collis
921 1611 987 1648 suos

183 1666 260 1716 intra
270 1668 442 1718 munitiones
454 1666 573 1718 reduxit.
595 1667 635 1717 Eo
647 1666 693 1718 die
704 1667 811 1718 milites
823 1666 986 1732 suntpaullo

183 1735 276 1785 minus
288 1735 360 1785 DCC
370 1734 533 1786 desiderati.
730 1797 732 1802 Ι

235 1803 295 1854 Lll.
315 1803 432 1854 Postero
444 1804 490 1853 die
502 1805 612 1864 Caesar,
634 1804 768 1854 concione
780 1803 929 1865 advocata,
950 1811 986 1854 te·
1062 1799 1063 1810 ¹

183 1870 339 1922 meritotem
348 1872 574 1939 trepidantemque
585 1871 702 1923 militurn
712 1871 899 1940 reprehendit,
918 1873 987 1938 qnod

182 1939 234 1992 sibi
251 1939 305 2006 ipsi
318 1940 528 2004 iudicavissent,
555 1956 606 2006 pao
623 1942 832 2007 procedendum,
859 1951 909 1994 aul
924 1943 988 2012 quid

184 2009 317 2078 agenwm
326 2008 479 2072 uideretur,
507 2027 590 2078 nepus
605 2011 682 2080 signo
693 2011 840 2078 reeipiendi
853 2013 916 2064 doto
927 2029 985 2066 con·

182 2078 324 2142 stitisrent,
339 2097 423 2147 neque
432 2079 465 2132 ab
477 2079 593 2132 trilanir
603 2079 720 2133 rnilitum
730 2081 879 2150 legatisque
890 2083 984 2135 retine·

182 2149 210 2200 ri
226 2149 393 2216 potuissent.-
423 2149 556 2218 exposito,
586 2149 651 2214 quid
669 2150 801 2216 iniqnitas
821 2151 873 2203 loci
886 2161 983 2220 posset,

183 2219 249 2285 quid
256 2220 313 2288 ipre
324 2220 361 2271 ad
370 2219 515 2271 Avaricum
526 2220 663 2284 sensisset,
691 2237 786 2286 quarn,
817 2221 983 2274 rineduceet
1062 2231 1063 2260 ἐ

183 2289 240 2342 sine
250 2291 375 2356 equitatu
387 2289 554 2356 deprelrentir
564 2289 698 2354 lrortilrar,
726 2293 896 2358 exploratam
905 2291 983 2342 oieto-

184 2358 255 2412 riam
265 2359 419 2422 dimisisset,
438 2377 470 2412 ne
480 2375 594 2428 parram
604 2359 678 2412 modo
690 2360 878 2413 detrimentum
888 2359 917 2414 in
927 2378 982 2413 ron·
1062 2393 1063 2426 ,

183 2428 302 2482 tentione
313 2438 428 2498 propter
443 2428 615 2496 iniquitatem
631 2429 683 2482 loci
696 2429 837 2482 accideret.
876 2429 979 2494 Quanto

183 2513 260 2564 opere
271 2515 363 2552 eorum
377 2498 461 2552 animi
471 2498 685 2568 magnitudinem
694 2500 893 2564 admiraretur,
920 2520 979 2569 quot

181 2584 234 2620 non
244 2578 397 2620 castrorum
406 2568 581 2630 munitiones,
609 2586 662 2621 non
671 2569 787 2621 altitudo
798 2573 909 2636 erraretis,
931 2591 979 2626 non

182 2652 274 2688 neurus
285 2638 375 2704 oppidi
384 2639 496 2690 tardare
503 2639 638 2705 potuisset
643 2655 655 2700 ,·
670 2647 749 2691 tanto
759 2656 836 2707 opere
847 2641 978 2695 licentiam

181 2706 426 2775 adrogantiampue
441 2707 646 2776 reprehendere,
674 2709 815 2778 quodplur
834 2727 875 2776 re,
904 2727 977 2780 quom
