<?xml version="1.0" encoding="UTF-8"?>
<!DOCTYPE html PUBLIC "-//W3C//DTD XHTML 1.0 Transitional//EN"
    "http://www.w3.org/TR/xhtml1/DTD/xhtml1-transitional.dtd">
<html xmlns="http://www.w3.org/1999/xhtml" xml:lang="en" lang="en">
 <head>
  <title>
</title>
<meta http-equiv="Content-Type" content="text/html;charset=utf-8" />
  <meta name='ocr-system' content='tesseract 3.04.00' />
  <meta name='ocr-capabilities' content='ocr_page ocr_carea ocr_par ocr_line ocrx_word'/>
</head>
<body>
  <div class='ocr_page' id='page_1' title='image "./cjuliicaesarisc05caesgoog_0191.png"; bbox 0 0 2168 3134; ppageno 0'>
   <div class='ocr_carea' id='block_1_1' title="bbox 368 212 888 280">
    <p class='ocr_par' dir='ltr' id='par_1_1' title="bbox 368 212 888 280">
     <span class='ocr_line' id='line_1_1' title="bbox 368 212 888 280; baseline 0.017 -15"><span class='ocrx_word' id='word_1_1' title='bbox 368 212 522 266; x_wconf 80' lang='lat' dir='ltr'>LIBER</span> <span class='ocrx_word' id='word_1_2' title='bbox 549 215 617 268; x_wconf 88' lang='lat' dir='ltr'><strong>Vll.</strong></span> <span class='ocrx_word' id='word_1_3' title='bbox 751 270 756 280; x_wconf 86' lang='lat'><em>.</em></span> <span class='ocrx_word' id='word_1_4' title='bbox 844 219 888 274; x_wconf 79' lang='lat'><strong>181</strong></span> 
     </span>
    </p>
   </div>
   <div class='ocr_carea' id='block_1_2' title="bbox 11 315 892 735">
    <p class='ocr_par' dir='ltr' id='par_1_2' title="bbox 11 315 892 735">
     <span class='ocr_line' id='line_1_2' title="bbox 11 315 892 391; baseline 0.015 -27"><span class='ocrx_word' id='word_1_5' title='bbox 11 357 13 364; x_wconf 81' lang='grc'>,</span> <span class='ocrx_word' id='word_1_6' title='bbox 80 322 160 372; x_wconf 75' lang='lat' dir='ltr'><strong>rent.</strong></span> <span class='ocrx_word' id='word_1_7' title='bbox 195 315 300 385; x_wconf 87' lang='lat' dir='ltr'><strong>Magno</strong></span> <span class='ocrx_word' id='word_1_8' title='bbox 312 316 407 368; x_wconf 90' lang='lat' dir='ltr'><strong>dolore</strong></span> <span class='ocrx_word' id='word_1_9' title='bbox 419 317 509 370; x_wconf 75' lang='lat' dir='ltr'><strong>Aedui</strong></span> <span class='ocrx_word' id='word_1_10' title='bbox 520 318 624 383; x_wconf 83' lang='lat' dir='ltr'><strong>ferunt,</strong></span> <span class='ocrx_word' id='word_1_11' title='bbox 635 335 667 372; x_wconf 88' lang='lat' dir='ltr'><strong>se</strong></span> <span class='ocrx_word' id='word_1_12' title='bbox 679 320 805 374; x_wconf 82' lang='lat' dir='ltr'><strong>deiectos</strong></span> <span class='ocrx_word' id='word_1_13' title='bbox 818 327 892 391; x_wconf 83' lang='lat' dir='ltr'><strong>priu-</strong></span> 
     </span>
     <span class='ocr_line' id='line_1_3' title="bbox 81 386 892 455; baseline 0.009 -16"><span class='ocrx_word' id='word_1_14' title='bbox 81 388 199 455; x_wconf 63' lang='lat' dir='ltr'><strong>cipatuq</strong></span> <span class='ocrx_word' id='word_1_15' title='bbox 213 389 367 455; x_wconf 85' lang='lat' dir='ltr'><strong>queruntul</strong></span> <span class='ocrx_word' id='word_1_16' title='bbox 379 386 508 440; x_wconf 80' lang='lat' dir='ltr'><strong>fortunae</strong></span> <span class='ocrx_word' id='word_1_17' title='bbox 525 391 770 450; x_wconf 87' lang='lat' dir='ltr'><strong>commutationem</strong></span> <span class='ocrx_word' id='word_1_18' title='bbox 784 398 812 444; x_wconf 90' lang='lat' dir='ltr'><strong>et</strong></span> <span class='ocrx_word' id='word_1_19' title='bbox 825 395 892 446; x_wconf 73' lang='lat' dir='ltr'><strong>Cae»</strong></span> 
     </span>
     <span class='ocr_line' id='line_1_4' title="bbox 80 456 892 528; baseline 0.007 -20"><span class='ocrx_word' id='word_1_20' title='bbox 80 459 159 508; x_wconf 86' lang='lat' dir='ltr'><strong>saris</strong></span> <span class='ocrx_word' id='word_1_21' title='bbox 175 457 203 508; x_wconf 90' lang='lat' dir='ltr'><strong>in</strong></span> <span class='ocrx_word' id='word_1_22' title='bbox 221 472 251 508; x_wconf 90' lang='lat' dir='ltr'><strong>se</strong></span> <span class='ocrx_word' id='word_1_23' title='bbox 268 456 473 524; x_wconf 77' lang='lat' dir='ltr'>indulgentiam</span> <span class='ocrx_word' id='word_1_24' title='bbox 495 459 657 525; x_wconf 83' lang='lat' dir='ltr'><strong>requirunt3</strong></span> <span class='ocrx_word' id='word_1_25' title='bbox 681 476 771 528; x_wconf 87' lang='lat' dir='ltr'><strong>neque</strong></span> <span class='ocrx_word' id='word_1_26' title='bbox 787 467 892 526; x_wconf 86' lang='lat' dir='ltr'><strong>tamea,</strong></span> 
     </span>
     <span class='ocr_line' id='line_1_5' title="bbox 80 525 892 597; baseline 0.011 -20"><span class='ocrx_word' id='word_1_27' title='bbox 80 531 217 593; x_wconf 87' lang='lat' dir='ltr'><strong>suscepto</strong></span> <span class='ocrx_word' id='word_1_28' title='bbox 229 525 316 588; x_wconf 87' lang='lat' dir='ltr'><strong>bello,</strong></span> <span class='ocrx_word' id='word_1_29' title='bbox 332 542 413 578; x_wconf 89' lang='lat' dir='ltr'><strong>suum</strong></span> <span class='ocrx_word' id='word_1_30' title='bbox 424 529 572 579; x_wconf 90' lang='lat' dir='ltr'><strong>consilium</strong></span> <span class='ocrx_word' id='word_1_31' title='bbox 584 529 618 578; x_wconf 89' lang='lat' dir='ltr'><strong>ab</strong></span> <span class='ocrx_word' id='word_1_32' title='bbox 630 528 746 597; x_wconf 90' lang='lat' dir='ltr'><strong>reliquis</strong></span> <span class='ocrx_word' id='word_1_33' title='bbox 758 546 892 597; x_wconf 83' lang='lat' dir='ltr'><strong>separare</strong></span> 
     </span>
     <span class='ocr_line' id='line_1_6' title="bbox 79 596 890 669; baseline 0.007 -22"><span class='ocrx_word' id='word_1_34' title='bbox 79 596 199 648; x_wconf 87' lang='lat' dir='ltr'><strong>audent.</strong></span> <span class='ocrx_word' id='word_1_35' title='bbox 235 597 332 659; x_wconf 88' lang='lat' dir='ltr'><strong>inviti,</strong></span> <span class='ocrx_word' id='word_1_36' title='bbox 354 611 478 648; x_wconf 83' lang='lat' dir='ltr'><strong>summae</strong></span> <span class='ocrx_word' id='word_1_37' title='bbox 495 599 557 663; x_wconf 76' lang='lat' dir='ltr'><strong>spei</strong></span> <span class='ocrx_word' id='word_1_38' title='bbox 568 597 774 662; x_wconf 82' lang='lat' dir='ltr'><strong>adolescentes,</strong></span> <span class='ocrx_word' id='word_1_39' title='bbox 786 602 890 669; x_wconf 82' lang='lat' dir='ltr'><strong>Epore-</strong></span> 
     </span>
     <span class='ocr_line' id='line_1_7' title="bbox 78 665 774 735; baseline 0.003 -17"><span class='ocrx_word' id='word_1_40' title='bbox 78 667 161 718; x_wconf 88' lang='lat' dir='ltr'><strong>dirix</strong></span> <span class='ocrx_word' id='word_1_41' title='bbox 173 670 202 717; x_wconf 92' lang='lat' dir='ltr'><strong>et</strong></span> <span class='ocrx_word' id='word_1_42' title='bbox 216 666 409 730; x_wconf 73' lang='lat' dir='ltr'><strong>virdunus-us,</strong></span> <span class='ocrx_word' id='word_1_43' title='bbox 421 665 650 735; x_wconf 79' lang='lat' dir='ltr'><strong>Vercingetorigi</strong></span> <span class='ocrx_word' id='word_1_44' title='bbox 666 676 774 735; x_wconf 88' lang='lat' dir='ltr'><strong>parcnt.</strong></span> 
     </span>
    </p>
   </div>
   <div class='ocr_carea' id='block_1_3' title="bbox 74 769 942 2301">
    <p class='ocr_par' dir='ltr' id='par_1_3' title="bbox 74 769 942 2301">
     <span class='ocr_line' id='line_1_8' title="bbox 81 769 889 840; baseline 0.009 -19"><span class='ocrx_word' id='word_1_45' title='bbox 81 803 84 808; x_wconf 93' lang='lat'><em>-</em></span> <span class='ocrx_word' id='word_1_46' title='bbox 135 769 235 822; x_wconf 88' lang='lat' dir='ltr'><strong>LXlV.</strong></span> <span class='ocrx_word' id='word_1_47' title='bbox 253 769 305 822; x_wconf 91' lang='lat' dir='ltr'><strong>llle</strong></span> <span class='ocrx_word' id='word_1_48' title='bbox 320 769 442 835; x_wconf 86' lang='lat' dir='ltr'><strong>imperat</strong></span> <span class='ocrx_word' id='word_1_49' title='bbox 457 771 574 840; x_wconf 85' lang='lat' dir='ltr'><strong>reliquis</strong></span> <span class='ocrx_word' id='word_1_50' title='bbox 590 772 752 824; x_wconf 86' lang='lat' dir='ltr'><strong>civitatibus</strong></span> <span class='ocrx_word' id='word_1_51' title='bbox 764 774 889 828; x_wconf 74' lang='lat' dir='ltr'><strong>obsideri</strong></span> 
     </span>
     <span class='ocr_line' id='line_1_9' title="bbox 77 838 890 913; baseline 0.006 -21"><span class='ocrx_word' id='word_1_52' title='bbox 77 841 206 908; x_wconf 88' lang='lat' dir='ltr'><strong>denique</strong></span> <span class='ocrx_word' id='word_1_53' title='bbox 223 840 250 891; x_wconf 88' lang='lat' dir='ltr'><strong>ei</strong></span> <span class='ocrx_word' id='word_1_54' title='bbox 265 841 308 891; x_wconf 90' lang='lat' dir='ltr'><strong>rei</strong></span> <span class='ocrx_word' id='word_1_55' title='bbox 319 839 469 891; x_wconf 87' lang='lat' dir='ltr'><strong>constituit</strong></span> <span class='ocrx_word' id='word_1_56' title='bbox 485 840 574 892; x_wconf 88' lang='lat' dir='ltr'><strong>diem:</strong></span> <span class='ocrx_word' id='word_1_57' title='bbox 594 838 648 892; x_wconf 91' lang='lat' dir='ltr'><strong>buc</strong></span> <span class='ocrx_word' id='word_1_58' title='bbox 659 858 757 895; x_wconf 90' lang='lat' dir='ltr'><strong>omnes</strong></span> <span class='ocrx_word' id='word_1_59' title='bbox 770 845 890 913; x_wconf 81' lang='lat' dir='ltr'><strong>equites,</strong></span> 
     </span>
     <span class='ocr_line' id='line_1_10' title="bbox 76 909 889 987; baseline 0.006 -23"><span class='ocrx_word' id='word_1_60' title='bbox 76 910 137 964; x_wconf 91' lang='lat' dir='ltr'><strong>XV</strong></span> <span class='ocrx_word' id='word_1_61' title='bbox 146 910 226 960; x_wconf 85' lang='lat' dir='ltr'><strong>milia</strong></span> <span class='ocrx_word' id='word_1_62' title='bbox 237 923 362 969; x_wconf 88' lang='lat' dir='ltr'><strong>numero,</strong></span> <span class='ocrx_word' id='word_1_63' title='bbox 373 909 507 961; x_wconf 75' lang='lat' dir='ltr'><strong>celeriter</strong></span> <span class='ocrx_word' id='word_1_64' title='bbox 518 913 667 963; x_wconf 84' lang='lat' dir='ltr'><strong>convenire</strong></span> <span class='ocrx_word' id='word_1_65' title='bbox 678 914 769 965; x_wconf 87' lang='lat' dir='ltr'><strong>iubet:</strong></span> <span class='ocrx_word' id='word_1_66' title='bbox 781 913 889 987; x_wconf 61' lang='lat' dir='ltr'><strong>pedite·¹</strong></span> 
     </span>
     <span class='ocr_line' id='line_1_11' title="bbox 75 977 931 1048; baseline 0.008 -19"><span class='ocrx_word' id='word_1_67' title='bbox 75 988 123 1043; x_wconf 86' lang='lat' dir='ltr'><strong>tu,</strong></span> <span class='ocrx_word' id='word_1_68' title='bbox 135 995 216 1048; x_wconf 89' lang='lat' dir='ltr'><strong>quem</strong></span> <span class='ocrx_word' id='word_1_69' title='bbox 228 986 293 1030; x_wconf 89' lang='lat' dir='ltr'><strong>ante</strong></span> <span class='ocrx_word' id='word_1_70' title='bbox 306 977 443 1045; x_wconf 85' lang='lat' dir='ltr'><strong>babuerit,</strong></span> <span class='ocrx_word' id='word_1_71' title='bbox 452 994 483 1030; x_wconf 87' lang='lat' dir='ltr'><strong>se</strong></span> <span class='ocrx_word' id='word_1_72' title='bbox 495 979 556 1031; x_wconf 84' lang='lat' dir='ltr'><strong>fore</strong></span> <span class='ocrx_word' id='word_1_73' title='bbox 567 987 729 1032; x_wconf 88' lang='lat' dir='ltr'><strong>contentum</strong></span> <span class='ocrx_word' id='word_1_74' title='bbox 741 985 820 1047; x_wconf 86' lang='lat' dir='ltr'><strong>dicit,</strong></span> <span class='ocrx_word' id='word_1_75' title='bbox 840 1000 889 1036; x_wconf 89' lang='lat' dir='ltr'><strong>ne·</strong></span> <span class='ocrx_word' id='word_1_76' title='bbox 927 1028 931 1042; x_wconf 71' lang='lat'><em>,</em></span> 
     </span>
     <span class='ocr_line' id='line_1_12' title="bbox 77 1049 887 1119; baseline 0.006 -19"><span class='ocrx_word' id='word_1_77' title='bbox 77 1067 137 1119; x_wconf 92' lang='lat' dir='ltr'><strong>que</strong></span> <span class='ocrx_word' id='word_1_78' title='bbox 151 1049 292 1100; x_wconf 83' lang='lat' dir='ltr'><strong>fortunam</strong></span> <span class='ocrx_word' id='word_1_79' title='bbox 304 1054 486 1114; x_wconf 87' lang='lat' dir='ltr'><strong>tentaturum,</strong></span> <span class='ocrx_word' id='word_1_80' title='bbox 504 1051 591 1100; x_wconf 89' lang='lat' dir='ltr'><strong>autin</strong></span> <span class='ocrx_word' id='word_1_81' title='bbox 605 1052 665 1102; x_wconf 83' lang='lat' dir='ltr'><strong>acie</strong></span> <span class='ocrx_word' id='word_1_82' title='bbox 676 1052 887 1118; x_wconf 69' lang='lat' dir='ltr'><strong>dimicaturum</strong></span> 
     </span>
     <span class='ocr_line' id='line_1_13' title="bbox 75 1117 901 1196; baseline 0.004 -24"><span class='ocrx_word' id='word_1_83' title='bbox 75 1118 282 1188; x_wconf 74' lang='lat' dir='ltr'><strong>sedquoniam</strong></span> <span class='ocrx_word' id='word_1_84' title='bbox 295 1117 417 1168; x_wconf 79' lang='lat' dir='ltr'>abundet</span> <span class='ocrx_word' id='word_1_85' title='bbox 428 1119 562 1186; x_wconf 85' lang='lat' dir='ltr'><strong>equitatu,</strong></span> <span class='ocrx_word' id='word_1_86' title='bbox 580 1120 715 1187; x_wconf 78' lang='lat' dir='ltr'><strong>perfacile</strong></span> <span class='ocrx_word' id='word_1_87' title='bbox 727 1138 790 1174; x_wconf 88' lang='lat' dir='ltr'><strong>esse</strong></span> <span class='ocrx_word' id='word_1_88' title='bbox 803 1123 901 1196; x_wconf 50' lang='lat' dir='ltr'><strong>sactu.N</strong></span> 
     </span>
     <span class='ocr_line' id='line_1_14' title="bbox 77 1187 887 1260; baseline 0.006 -21"><span class='ocrx_word' id='word_1_89' title='bbox 77 1187 350 1242; x_wconf 77' lang='lat' dir='ltr'><strong>frumentationibus</strong></span> <span class='ocrx_word' id='word_1_90' title='bbox 372 1187 652 1257; x_wconf 76' lang='lat' dir='ltr'><strong>pabulationibusque</strong></span> <span class='ocrx_word' id='word_1_91' title='bbox 669 1190 808 1243; x_wconf 85' lang='lat' dir='ltr'><strong>Romanus</strong></span> <span class='ocrx_word' id='word_1_92' title='bbox 825 1208 887 1260; x_wconf 91' lang='lat' dir='ltr'><strong>pru·</strong></span> 
     </span>
     <span class='ocr_line' id='line_1_15' title="bbox 77 1256 887 1324; baseline 0.002 -14"><span class='ocrx_word' id='word_1_93' title='bbox 77 1259 193 1310; x_wconf 86' lang='lat' dir='ltr'><strong>bibere:</strong></span> <span class='ocrx_word' id='word_1_94' title='bbox 208 1272 301 1324; x_wconf 83' lang='lat' dir='ltr'><strong>aequo</strong></span> <span class='ocrx_word' id='word_1_95' title='bbox 319 1256 400 1308; x_wconf 89' lang='lat' dir='ltr'><strong>modo</strong></span> <span class='ocrx_word' id='word_1_96' title='bbox 416 1259 509 1307; x_wconf 85' lang='lat' dir='ltr'><strong>auimo</strong></span> <span class='ocrx_word' id='word_1_97' title='bbox 526 1273 577 1308; x_wconf 88' lang='lat' dir='ltr'><strong>sua</strong></span> <span class='ocrx_word' id='word_1_98' title='bbox 592 1259 649 1324; x_wconf 79' lang='lat' dir='ltr'><strong>ipsi&#39;</strong></span> <span class='ocrx_word' id='word_1_99' title='bbox 668 1259 811 1312; x_wconf 82' lang='lat' dir='ltr'><strong>frumenta</strong></span> <span class='ocrx_word' id='word_1_100' title='bbox 827 1277 887 1313; x_wconf 87' lang='lat' dir='ltr'><strong>cor-</strong></span> 
     </span>
     <span class='ocr_line' id='line_1_16' title="bbox 76 1325 886 1395; baseline 0.002 -16"><span class='ocrx_word' id='word_1_101' title='bbox 76 1334 212 1394; x_wconf 86' lang='lat' dir='ltr'><strong>rumpant</strong></span> <span class='ocrx_word' id='word_1_102' title='bbox 227 1325 410 1393; x_wconf 85' lang='lat' dir='ltr'><strong>aedificiaque</strong></span> <span class='ocrx_word' id='word_1_103' title='bbox 425 1326 591 1389; x_wconf 84' lang='lat' dir='ltr'><strong>incendant,</strong></span> <span class='ocrx_word' id='word_1_104' title='bbox 614 1344 669 1395; x_wconf 84' lang='lat' dir='ltr'><strong>qua</strong></span> <span class='ocrx_word' id='word_1_105' title='bbox 683 1328 886 1384; x_wconf 81' lang='lat' dir='ltr'><strong>rei.lamiliar·is</strong></span> 
     </span>
     <span class='ocr_line' id='line_1_17' title="bbox 74 1396 942 1466; baseline -0.003 -14"><span class='ocrx_word' id='word_1_106' title='bbox 74 1401 190 1452; x_wconf 85' lang='lat' dir='ltr'><strong>iactura</strong></span> <span class='ocrx_word' id='word_1_107' title='bbox 205 1401 371 1464; x_wconf 87' lang='lat' dir='ltr'><strong>perpetuum</strong></span> <span class='ocrx_word' id='word_1_108' title='bbox 387 1397 535 1463; x_wconf 85' lang='lat' dir='ltr'><strong>imperium</strong></span> <span class='ocrx_word' id='word_1_109' title='bbox 551 1396 766 1466; x_wconf 83' lang='lat' dir='ltr'><strong>libertatemque</strong></span> <span class='ocrx_word' id='word_1_110' title='bbox 779 1415 809 1450; x_wconf 85' lang='lat' dir='ltr'><strong>so</strong></span> <span class='ocrx_word' id='word_1_111' title='bbox 822 1415 886 1452; x_wconf 91' lang='lat' dir='ltr'><strong>con·</strong></span> <span class='ocrx_word' id='word_1_112' title='bbox 941 1424 942 1428; x_wconf 58' lang='lat'><em>=</em></span> 
     </span>
     <span class='ocr_line' id='line_1_18' title="bbox 75 1456 886 1536; baseline -0.002 -14"><span class='ocrx_word' id='word_1_113' title='bbox 75 1468 162 1536; x_wconf 83' lang='lat' dir='ltr'><strong>sequi</strong></span> <span class='ocrx_word' id='word_1_114' title='bbox 171 1467 294 1518; x_wconf 87' lang='lat' dir='ltr'><strong>rideant.</strong></span> <span class='ocrx_word' id='word_1_115' title='bbox 316 1467 383 1518; x_wconf 66' lang='lat' dir='ltr'><strong>⁴ilis</strong></span> <span class='ocrx_word' id='word_1_116' title='bbox 394 1465 556 1517; x_wconf 83' lang='lat' dir='ltr'><strong>constitutis</strong></span> <span class='ocrx_word' id='word_1_117' title='bbox 567 1456 665 1529; x_wconf 85' lang='lat' dir='ltr'><strong>rebus,</strong></span> <span class='ocrx_word' id='word_1_118' title='bbox 682 1469 785 1520; x_wconf 81' lang='lat' dir='ltr'><strong>Aeduis</strong></span> <span class='ocrx_word' id='word_1_119' title='bbox 798 1467 886 1536; x_wconf 85' lang='lat' dir='ltr'><strong>Segu-</strong></span> 
     </span>
     <span class='ocr_line' id='line_1_19' title="bbox 74 1534 891 1604; baseline 0 -15"><span class='ocrx_word' id='word_1_120' title='bbox 74 1538 237 1604; x_wconf 84' lang='lat' dir='ltr'><strong>siauisque,</strong></span> <span class='ocrx_word' id='word_1_121' title='bbox 258 1535 307 1602; x_wconf 92' lang='lat' dir='ltr'><strong>qui</strong></span> <span class='ocrx_word' id='word_1_122' title='bbox 318 1541 384 1586; x_wconf 91' lang='lat' dir='ltr'><strong>sunt</strong></span> <span class='ocrx_word' id='word_1_123' title='bbox 393 1535 509 1586; x_wconf 86' lang='lat' dir='ltr'><strong>finitimi</strong></span> <span class='ocrx_word' id='word_1_124' title='bbox 519 1536 694 1602; x_wconf 85' lang='lat' dir='ltr'><strong>provinciae,</strong></span> <span class='ocrx_word' id='word_1_125' title='bbox 712 1537 738 1588; x_wconf 89' lang='lat' dir='ltr'>X</span> <span class='ocrx_word' id='word_1_126' title='bbox 750 1538 828 1589; x_wconf 84' lang='lat' dir='ltr'><strong>milia</strong></span> <span class='ocrx_word' id='word_1_127' title='bbox 839 1534 891 1604; x_wconf 75' lang='lat' dir='ltr'><strong>pe-&#39;</strong></span> 
     </span>
     <span class='ocr_line' id='line_1_20' title="bbox 74 1603 885 1674; baseline 0.001 -16"><span class='ocrx_word' id='word_1_128' title='bbox 74 1607 167 1660; x_wconf 85' lang='lat' dir='ltr'><strong>ditum</strong></span> <span class='ocrx_word' id='word_1_129' title='bbox 179 1607 310 1673; x_wconf 86' lang='lat' dir='ltr'><strong>imperat:</strong></span> <span class='ocrx_word' id='word_1_130' title='bbox 330 1603 383 1655; x_wconf 86' lang='lat' dir='ltr'><strong>huc</strong></span> <span class='ocrx_word' id='word_1_131' title='bbox 394 1603 472 1656; x_wconf 84' lang='lat' dir='ltr'><strong>addit</strong></span> <span class='ocrx_word' id='word_1_132' title='bbox 483 1607 591 1671; x_wconf 81' lang='lat' dir='ltr'><strong>equites</strong></span> <span class='ocrx_word' id='word_1_133' title='bbox 608 1605 709 1658; x_wconf 85' lang='lat' dir='ltr'>DCCC.</span> <span class='ocrx_word' id='word_1_134' title='bbox 727 1608 792 1659; x_wconf 74' lang='lat' dir='ltr'><strong>&#39;l-lis</strong></span> <span class='ocrx_word' id='word_1_135' title='bbox 805 1623 885 1674; x_wconf 89' lang='lat' dir='ltr'><strong>prac-</strong></span> 
     </span>
     <span class='ocr_line' id='line_1_21' title="bbox 74 1674 884 1742; baseline -0.001 -14"><span class='ocrx_word' id='word_1_136' title='bbox 74 1676 139 1728; x_wconf 85' lang='lat' dir='ltr'><strong>ficit</strong></span> <span class='ocrx_word' id='word_1_137' title='bbox 153 1675 268 1728; x_wconf 83' lang='lat' dir='ltr'><strong>fratrem</strong></span> <span class='ocrx_word' id='word_1_138' title='bbox 285 1674 493 1742; x_wconf 84' lang='lat' dir='ltr'><strong>Eporedirigis‚</strong></span> <span class='ocrx_word' id='word_1_139' title='bbox 510 1675 673 1742; x_wconf 85' lang='lat' dir='ltr'><strong>¹bellumque</strong></span> <span class='ocrx_word' id='word_1_140' title='bbox 688 1677 795 1729; x_wconf 79' lang='lat' dir='ltr'><strong>inferre</strong></span> <span class='ocrx_word' id='word_1_141' title='bbox 811 1678 884 1729; x_wconf 85' lang='lat' dir='ltr'><strong>,llin-</strong></span> 
     </span>
     <span class='ocr_line' id='line_1_22' title="bbox 74 1744 883 1815; baseline 0 -16"><span class='ocrx_word' id='word_1_142' title='bbox 74 1746 212 1815; x_wconf 89' lang='lat' dir='ltr'><strong>brogibus</strong></span> <span class='ocrx_word' id='word_1_143' title='bbox 223 1745 309 1797; x_wconf 89' lang='lat' dir='ltr'><strong>iubet.</strong></span> <span class='ocrx_word' id='word_1_144' title='bbox 345 1744 442 1798; x_wconf 81' lang='lat' dir='ltr'><strong>Altera</strong></span> <span class='ocrx_word' id='word_1_145' title='bbox 453 1751 579 1811; x_wconf 77' lang='lat' dir='ltr'><strong>exparte</strong></span> <span class='ocrx_word' id='word_1_146' title='bbox 591 1744 712 1798; x_wconf 80' lang='lat' dir='ltr'><strong>Gabalos</strong></span> <span class='ocrx_word' id='word_1_147' title='bbox 724 1749 883 1813; x_wconf 84' lang='lat' dir='ltr'><strong>proximos·</strong></span> 
     </span>
     <span class='ocr_line' id='line_1_23' title="bbox 76 1814 882 1884; baseline 0.004 -18"><span class='ocrx_word' id='word_1_148' title='bbox 76 1831 133 1884; x_wconf 92' lang='lat' dir='ltr'><strong>que</strong></span> <span class='ocrx_word' id='word_1_149' title='bbox 156 1831 242 1883; x_wconf 83' lang='lat' dir='ltr'><strong>pagos</strong></span> <span class='ocrx_word' id='word_1_150' title='bbox 261 1817 447 1881; x_wconf 82' lang='lat' dir='ltr'><strong>Arvernorum</strong></span> <span class='ocrx_word' id='word_1_151' title='bbox 470 1814 498 1864; x_wconf 92' lang='lat' dir='ltr'><strong>in</strong></span> <span class='ocrx_word' id='word_1_152' title='bbox 516 1814 646 1878; x_wconf 85' lang='lat' dir='ltr'><strong>Helvios,</strong></span> <span class='ocrx_word' id='word_1_153' title='bbox 668 1817 734 1868; x_wconf 89' lang='lat' dir='ltr'><strong>item</strong></span> <span class='ocrx_word' id='word_1_154' title='bbox 756 1818 882 1869; x_wconf 85' lang='lat' dir='ltr'><strong>Rutenos</strong></span> 
     </span>
     <span class='ocr_line' id='line_1_24' title="bbox 77 1883 881 1953; baseline 0.002 -16"><span class='ocrx_word' id='word_1_155' title='bbox 77 1885 274 1953; x_wconf 85' lang='lat' dir='ltr'><strong>Cadurcosque</strong></span> <span class='ocrx_word' id='word_1_156' title='bbox 297 1884 330 1934; x_wconf 90' lang='lat' dir='ltr'><strong>ad</strong></span> <span class='ocrx_word' id='word_1_157' title='bbox 347 1883 419 1935; x_wconf 86' lang='lat' dir='ltr'><strong>fines</strong></span> <span class='ocrx_word' id='word_1_158' title='bbox 432 1885 580 1938; x_wconf 86' lang='lat' dir='ltr'><strong>Volcarum</strong></span> <span class='ocrx_word' id='word_1_159' title='bbox 592 1885 817 1938; x_wconf 76' lang='lat' dir='ltr'><strong>Arecomicorum</strong></span> <span class='ocrx_word' id='word_1_160' title='bbox 835 1887 881 1939; x_wconf 64' lang='lat' dir='ltr'><strong>dess</strong></span> 
     </span>
     <span class='ocr_line' id='line_1_25' title="bbox 76 1952 892 2024; baseline 0.005 -20"><span class='ocrx_word' id='word_1_161' title='bbox 76 1955 252 2024; x_wconf 86' lang='lat' dir='ltr'><strong>populandos</strong></span> <span class='ocrx_word' id='word_1_162' title='bbox 264 1954 360 2008; x_wconf 77' lang='lat' dir='ltr'><strong>mittit,</strong></span> <span class='ocrx_word' id='word_1_163' title='bbox 396 1952 491 2005; x_wconf 89' lang='lat' dir='ltr'><strong>Nihilo</strong></span> <span class='ocrx_word' id='word_1_164' title='bbox 506 1954 598 2005; x_wconf 88' lang='lat' dir='ltr'><strong>minus</strong></span> <span class='ocrx_word' id='word_1_165' title='bbox 615 1955 800 2008; x_wconf 83' lang='lat' dir='ltr'><strong>clandestinis</strong></span> <span class='ocrx_word' id='word_1_166' title='bbox 812 1963 892 2008; x_wconf 61' lang='lat' dir='ltr'><strong>nun-¹</strong></span> 
     </span>
     <span class='ocr_line' id='line_1_26' title="bbox 75 2023 894 2094; baseline 0 -17"><span class='ocrx_word' id='word_1_167' title='bbox 75 2027 131 2078; x_wconf 88' lang='lat' dir='ltr'><strong>ciis</strong></span> <span class='ocrx_word' id='word_1_168' title='bbox 148 2025 393 2092; x_wconf 80' lang='lat' dir='ltr'><strong>legationibusque</strong></span> <span class='ocrx_word' id='word_1_169' title='bbox 408 2023 573 2090; x_wconf 81' lang='lat' dir='ltr'><strong>Allobrogas</strong></span> <span class='ocrx_word' id='word_1_170' title='bbox 591 2025 741 2087; x_wconf 84' lang='lat' dir='ltr'><strong>sollicitat,</strong></span> <span class='ocrx_word' id='word_1_171' title='bbox 763 2032 894 2094; x_wconf 73' lang='lat' dir='ltr'><strong>quorum·</strong></span> 
     </span>
     <span class='ocr_line' id='line_1_27' title="bbox 75 2093 881 2162; baseline 0.002 -16"><span class='ocrx_word' id='word_1_172' title='bbox 75 2099 188 2147; x_wconf 81' lang='lat' dir='ltr'><strong>ruentes</strong></span> <span class='ocrx_word' id='word_1_173' title='bbox 200 2093 322 2145; x_wconf 88' lang='lat' dir='ltr'><strong>nondum</strong></span> <span class='ocrx_word' id='word_1_174' title='bbox 335 2094 368 2144; x_wconf 92' lang='lat' dir='ltr'><strong>ab</strong></span> <span class='ocrx_word' id='word_1_175' title='bbox 380 2094 526 2159; x_wconf 86' lang='lat' dir='ltr'><strong>superlore</strong></span> <span class='ocrx_word' id='word_1_176' title='bbox 542 2093 616 2143; x_wconf 90' lang='lat' dir='ltr'><strong>bcllu</strong></span> <span class='ocrx_word' id='word_1_177' title='bbox 633 2095 775 2147; x_wconf 86' lang='lat' dir='ltr'><strong>resedisse</strong></span> <span class='ocrx_word' id='word_1_178' title='bbox 787 2111 881 2162; x_wconf 83' lang='lat' dir='ltr'><strong>spera·</strong></span> 
     </span>
     <span class='ocr_line' id='line_1_28' title="bbox 75 2163 880 2230; baseline -0.002 -14"><span class='ocrx_word' id='word_1_179' title='bbox 75 2167 135 2216; x_wconf 89' lang='lat' dir='ltr'><strong>bat.</strong></span> <span class='ocrx_word' id='word_1_180' title='bbox 171 2164 279 2216; x_wconf 86' lang='lat' dir='ltr'><strong>Horum</strong></span> <span class='ocrx_word' id='word_1_181' title='bbox 301 2163 637 2230; x_wconf 86' lang='lat' dir='ltr'><strong>principibuspecunias,</strong></span> <span class='ocrx_word' id='word_1_182' title='bbox 659 2165 768 2215; x_wconf 79' lang='lat' dir='ltr'><strong>civitati</strong></span> <span class='ocrx_word' id='word_1_183' title='bbox 786 2171 880 2215; x_wconf 71' lang='lat' dir='ltr'><strong>aretem</strong></span> 
     </span>
     <span class='ocr_line' id='line_1_29' title="bbox 75 2232 875 2301; baseline -0.009 -15"><span class='ocrx_word' id='word_1_184' title='bbox 75 2235 227 2301; x_wconf 88' lang='lat' dir='ltr'><strong>imperium</strong></span> <span class='ocrx_word' id='word_1_185' title='bbox 238 2234 326 2284; x_wconf 88' lang='lat' dir='ltr'><strong>totius</strong></span> <span class='ocrx_word' id='word_1_186' title='bbox 339 2232 499 2300; x_wconf 79' lang='lat' dir='ltr'><strong>provinciae</strong></span> <span class='ocrx_word' id='word_1_187' title='bbox 512 2233 669 2298; x_wconf 88' lang='lat' dir='ltr'><strong>pollicetur.</strong></span> <span class='ocrx_word' id='word_1_188' title='bbox 872 2237 875 2244; x_wconf 83' lang='lat'>&#39;</span> 
     </span>
    </p>
   </div>
   <div class='ocr_carea' id='block_1_4' title="bbox 75 2331 899 2828">
    <p class='ocr_par' dir='ltr' id='par_1_4' title="bbox 75 2331 899 2828">
     <span class='ocr_line' id='line_1_30' title="bbox 98 2331 880 2401; baseline -0.005 -11"><span class='ocrx_word' id='word_1_189' title='bbox 98 2331 102 2340; x_wconf 77' lang='grc'><strong>’</strong></span> <span class='ocrx_word' id='word_1_190' title='bbox 129 2337 215 2390; x_wconf 86' lang='lat' dir='ltr'><strong>LXV.</strong></span> <span class='ocrx_word' id='word_1_191' title='bbox 234 2335 274 2387; x_wconf 79' lang='lat' dir='ltr'><strong>nd</strong></span> <span class='ocrx_word' id='word_1_192' title='bbox 286 2333 336 2386; x_wconf 87' lang='lat' dir='ltr'><strong>hos</strong></span> <span class='ocrx_word' id='word_1_193' title='bbox 348 2350 445 2386; x_wconf 91' lang='lat' dir='ltr'><strong>omnes</strong></span> <span class='ocrx_word' id='word_1_194' title='bbox 463 2350 543 2386; x_wconf 86' lang='lat' dir='ltr'><strong>casus</strong></span> <span class='ocrx_word' id='word_1_195' title='bbox 559 2337 671 2400; x_wconf 83' lang='lat' dir='ltr'><strong>prorisa</strong></span> <span class='ocrx_word' id='word_1_196' title='bbox 683 2341 764 2387; x_wconf 84' lang='lat' dir='ltr'><strong>erunt</strong></span> <span class='ocrx_word' id='word_1_197' title='bbox 776 2336 880 2401; x_wconf 88' lang='lat' dir='ltr'><strong>praesi-</strong></span> 
     </span>
     <span class='ocr_line' id='line_1_31' title="bbox 75 2404 881 2472; baseline -0.005 -12"><span class='ocrx_word' id='word_1_198' title='bbox 75 2406 123 2460; x_wconf 88' lang='lat' dir='ltr'><strong>dia</strong></span> <span class='ocrx_word' id='word_1_199' title='bbox 135 2407 290 2459; x_wconf 85' lang='lat' dir='ltr'><strong>cohortium</strong></span> <span class='ocrx_word' id='word_1_200' title='bbox 302 2406 417 2458; x_wconf 86' lang='lat' dir='ltr'><strong>duarum</strong></span> <span class='ocrx_word' id='word_1_201' title='bbox 430 2411 459 2456; x_wconf 92' lang='lat' dir='ltr'><strong>et</strong></span> <span class='ocrx_word' id='word_1_202' title='bbox 470 2404 585 2472; x_wconf 82' lang='lat' dir='ltr'><strong>viginti,</strong></span> <span class='ocrx_word' id='word_1_203' title='bbox 606 2420 676 2471; x_wconf 89' lang='lat' dir='ltr'><strong>quae</strong></span> <span class='ocrx_word' id='word_1_204' title='bbox 693 2419 727 2455; x_wconf 83' lang='lat' dir='ltr'><strong>ex</strong></span> <span class='ocrx_word' id='word_1_205' title='bbox 742 2407 804 2472; x_wconf 81' lang='lat' dir='ltr'><strong>ipsa</strong></span> <span class='ocrx_word' id='word_1_206' title='bbox 820 2419 881 2456; x_wconf 88' lang='lat' dir='ltr'><strong>cua·</strong></span> 
     </span>
     <span class='ocr_line' id='line_1_32' title="bbox 78 2473 880 2544; baseline -0.006 -14"><span class='ocrx_word' id='word_1_207' title='bbox 78 2476 125 2530; x_wconf 82' lang='lat' dir='ltr'><strong>cta</strong></span> <span class='ocrx_word' id='word_1_208' title='bbox 136 2477 281 2544; x_wconf 86' lang='lat' dir='ltr'><strong>provincia</strong></span> <span class='ocrx_word' id='word_1_209' title='bbox 295 2477 329 2528; x_wconf 88' lang='lat' dir='ltr'><strong>ab</strong></span> <span class='ocrx_word' id='word_1_210' title='bbox 340 2474 372 2527; x_wconf 90' lang='lat' dir='ltr'><strong>L.</strong></span> <span class='ocrx_word' id='word_1_211' title='bbox 384 2476 505 2525; x_wconf 87' lang='lat' dir='ltr'><strong>Caesare</strong></span> <span class='ocrx_word' id='word_1_212' title='bbox 523 2473 617 2542; x_wconf 83' lang='lat' dir='ltr'><strong>legutn</strong></span> <span class='ocrx_word' id='word_1_213' title='bbox 629 2473 664 2525; x_wconf 82' lang='lat' dir='ltr'><strong>ad</strong></span> <span class='ocrx_word' id='word_1_214' title='bbox 675 2489 772 2526; x_wconf 88' lang='lat' dir='ltr'><strong>omnes</strong></span> <span class='ocrx_word' id='word_1_215' title='bbox 783 2481 880 2540; x_wconf 86' lang='lat' dir='ltr'><strong>partes</strong></span> 
     </span>
     <span class='ocr_line' id='line_1_33' title="bbox 79 2544 881 2614; baseline -0.006 -15"><span class='ocrx_word' id='word_1_216' title='bbox 79 2547 300 2614; x_wconf 86' lang='lat' dir='ltr'><strong>opponebantur.</strong></span> <span class='ocrx_word' id='word_1_217' title='bbox 345 2544 454 2606; x_wconf 82' lang='lat' dir='ltr'><strong>Helvii,</strong></span> <span class='ocrx_word' id='word_1_218' title='bbox 476 2559 527 2594; x_wconf 89' lang='lat' dir='ltr'><strong>sua</strong></span> <span class='ocrx_word' id='word_1_219' title='bbox 548 2550 647 2610; x_wconf 87' lang='lat' dir='ltr'><strong>sponte</strong></span> <span class='ocrx_word' id='word_1_220' title='bbox 670 2559 731 2594; x_wconf 90' lang='lat' dir='ltr'><strong>cum</strong></span> <span class='ocrx_word' id='word_1_221' title='bbox 753 2545 881 2596; x_wconf 81' lang='lat' dir='ltr'><strong>finitimis</strong></span> 
     </span>
     <span class='ocr_line' id='line_1_34' title="bbox 78 2611 881 2684; baseline -0.009 -15"><span class='ocrx_word' id='word_1_222' title='bbox 78 2617 187 2684; x_wconf 79' lang='lat' dir='ltr'><strong>praelio</strong></span> <span class='ocrx_word' id='word_1_223' title='bbox 199 2615 354 2684; x_wconf 88' lang='lat' dir='ltr'><strong>congressi,</strong></span> <span class='ocrx_word' id='word_1_224' title='bbox 367 2615 511 2681; x_wconf 86' lang='lat' dir='ltr'><strong>pelluntur</strong></span> <span class='ocrx_word' id='word_1_225' title='bbox 522 2619 560 2677; x_wconf 89' lang='lat' dir='ltr'><strong>et,</strong></span> <span class='ocrx_word' id='word_1_226' title='bbox 573 2617 601 2666; x_wconf 87' lang='lat' dir='ltr'><strong>C.</strong></span> <span class='ocrx_word' id='word_1_227' title='bbox 614 2611 727 2672; x_wconf 86' lang='lat' dir='ltr'><strong>Valerio¹</strong></span> <span class='ocrx_word' id='word_1_228' title='bbox 738 2613 881 2666; x_wconf 82' lang='lat' dir='ltr'><strong>lionotau·</strong></span> 
     </span>
     <span class='ocr_line' id='line_1_35' title="bbox 78 2683 880 2750; baseline -0.006 -12"><span class='ocrx_word' id='word_1_229' title='bbox 78 2702 119 2750; x_wconf 91' lang='lat' dir='ltr'><strong>ro,</strong></span> <span class='ocrx_word' id='word_1_230' title='bbox 140 2687 240 2738; x_wconf 89' lang='lat' dir='ltr'><strong>Caburi</strong></span> <span class='ocrx_word' id='word_1_231' title='bbox 256 2683 325 2748; x_wconf 88' lang='lat' dir='ltr'><strong>lilio,</strong></span> <span class='ocrx_word' id='word_1_232' title='bbox 347 2685 470 2750; x_wconf 79' lang='lat' dir='ltr'><strong>principe</strong></span> <span class='ocrx_word' id='word_1_233' title='bbox 487 2684 617 2745; x_wconf 73' lang='lat' dir='ltr'><strong>civitatis,</strong></span> <span class='ocrx_word' id='word_1_234' title='bbox 639 2685 880 2750; x_wconf 77' lang='lat' dir='ltr'><strong>compluribusque</strong></span> 
     </span>
     <span class='ocr_line' id='line_1_36' title="bbox 79 2753 899 2828; baseline -0.01 -18"><span class='ocrx_word' id='word_1_235' title='bbox 79 2757 143 2810; x_wconf 83' lang='lat' dir='ltr'><strong>eliis</strong></span> <span class='ocrx_word' id='word_1_236' title='bbox 155 2755 329 2818; x_wconf 81' lang='lat' dir='ltr'><strong>interfectis,</strong></span> <span class='ocrx_word' id='word_1_237' title='bbox 349 2754 425 2805; x_wconf 85' lang='lat' dir='ltr'><strong>intra</strong></span> <span class='ocrx_word' id='word_1_238' title='bbox 437 2755 539 2818; x_wconf 80' lang='lat' dir='ltr'><strong>oppida</strong></span> <span class='ocrx_word' id='word_1_239' title='bbox 550 2768 699 2824; x_wconf 86' lang='lat' dir='ltr'><strong>murosque</strong></span> <span class='ocrx_word' id='word_1_240' title='bbox 710 2753 877 2828; x_wconf 81' lang='lat' dir='ltr'><strong>compellun-</strong></span> <span class='ocrx_word' id='word_1_241' title='bbox 896 2791 899 2798; x_wconf 84' lang='grc'><em>,</em></span> 
     </span>
    </p>
   </div>
   <div class='ocr_carea' id='block_1_5' title="bbox 0 0 1088 3134">
    <p class='ocr_par' dir='ltr' id='par_1_5' title="bbox 0 0 1088 3134">
     <span class='ocr_line' id='line_1_37' title="bbox 0 0 1088 3134; baseline 0 2"><span class='ocrx_word' id='word_1_242' title='bbox 0 0 1088 3134; x_wconf 95' lang='lat' dir='ltr'><strong> </strong></span> 
     </span>
    </p>
   </div>
  </div>
 </body>
</html>
