2180 3140
184 138 236 196 3⁰2
402 139 457 190 DE
477 138 621 199 Bulbo
643 139 779 194 elvini

183 243 426 310 praeter-camolia
437 241 677 308 praeferebantur,
687 244 763 310 rapti
775 242 990 312 bendnesequi·

184 320 281 379 tesque
307 313 541 380 producebantur:
572 318 619 374 ut,
644 314 778 381 quidquid
797 315 991 366 intercederet

182 383 322 446 temporis,
335 381 386 434 boc
397 397 478 433 corne
489 383 634 436 victoriam
644 385 748 434 eiurari
758 382 912 436 videretur.
945 384 991 439 lta
1078 405 1079 412 ¹

180 451 241 516 spei
253 450 381 503 Curionis
394 452 512 502 militum
527 451 622 510 studia
638 467 693 505 non
711 453 834 510 deerant.
870 454 988 520 Equites

181 520 260 586 sequi
271 520 349 574 iubet
360 537 421 580 sese
433 523 543 588 iterque
558 521 708 584 accelerat,
729 529 852 589 utquam
864 525 989 579 maxime

182 603 216 640 ex
228 587 474 657 fugaperterritos
489 591 593 650 adoriri
611 598 715 656 posset,
749 593 785 643 At
805 592 861 651 illi,
881 593 987 644 itinere

179 660 267 712 totius
279 663 368 712 noetis
382 660 511 723 confecti,
531 660 662 727 subsequi
683 675 737 720 neu
757 667 889 728 poterant
899 669 986 728 atque

179 729 228 780 alii
243 729 299 783 alie
314 729 376 782 loco
393 731 572 789 resistebant·
607 731 649 786 Ne
665 728 734 782 baec
748 730 860 798 quidem
877 746 923 787 res
934 736 986 782 Gu-

179 799 287 850 rionem
298 799 333 850 ad
344 815 420 864 spenr
431 801 600 854 urorubatur.
710 851 713 858 ,

231 867 291 924 XL.
309 868 387 931 iuba,
409 870 513 920 certior
533 869 623 923 factus
638 867 776 923 aSabnra
796 869 833 920 de
847 875 985 920 nocturno

178 937 297 1004 proelio,
319 937 373 1002 duo
395 938 473 995 ouilia
483 939 672 1004 Hispanorum
695 945 725 990 et
742 939 886 997 Gallorum
908 940 986 1004 equi-

180 1013 248 1065 turn,
269 1020 338 1072 quos
357 1021 426 1060 suae
442 1007 587 1060 custodiae
601 1023 702 1061 caussa
715 1009 817 1060 circum
834 1024 865 1058 se
881 1005 986 1066 babere

178 1083 335 1137 consueret,
355 1083 386 1126 et
396 1075 519 1141 pediturn
532 1092 592 1136 eam
604 1082 722 1142 partem,
732 1080 776 1128 eui
789 1079 907 1136 proxime
919 1091 983 1127 etin·

177 1143 292 1206 fidebat,
313 1143 438 1204 Suburae
450 1147 601 1205 suborittit:
621 1147 682 1213 ipse
693 1161 754 1206 epm
764 1148 884 1214 reliquis
895 1146 984 1213 copiis

178 1212 390 1282 elephantisque
402 1217 549 1283 sexaginte
559 1217 664 1276 lentius
680 1218 877 1284 subsequitur,
896 1217 983 1281 suspi-

177 1293 265 1346 catus,
277 1286 439 1350 praemissis
450 1287 601 1352 equitibus,
612 1287 702 1351 ipsum
711 1287 811 1345 adfore
824 1287 982 1346 Curionem.

178 1352 286 1405 Sabura
307 1355 401 1420 copias
423 1356 548 1424 equitum
570 1355 748 1424 peditumque
767 1358 883 1408 instruit
898 1365 983 1422 atque

177 1421 220 1474 his
231 1426 361 1490 imperat,
373 1432 405 1475 ut
416 1425 595 1476 simulatione
606 1427 715 1483 timoris
727 1426 872 1494 paullatim
883 1426 984 1476 cedent

177 1507 208 1542 ae
221 1493 317 1558 pedem
329 1494 468 1565 referant:
487 1510 560 1558 sese,
582 1511 665 1562 quum
677 1511 747 1562 opus
763 1502 850 1559 esset,
871 1497 981 1562 siguum

176 1563 277 1628 proelii
288 1563 418 1616 daturum
431 1569 467 1626 et,
483 1565 557 1632 quod
568 1579 626 1616 rem
639 1567 783 1631 postulare
796 1567 983 1634 cognovisset,

177 1634 388 1697 imperaturum.
424 1635 522 1696 Curio,
542 1633 577 1686 ad
593 1636 767 1700 superiorem
789 1649 866 1702 spem
886 1634 982 1686 addite

176 1705 333 1766 proesentis
345 1705 481 1769 temporis
493 1704 633 1770 opinione,
649 1702 743 1756 hostes
755 1703 853 1770 lugere
864 1705 980 1756 arbitra-

175 1777 231 1832 tut,
245 1774 341 1836 cupias
352 1786 386 1826 ex
395 1773 464 1830 ‚laicis
474 1773 670 1837 superioribus
681 1773 710 1832 iu
722 1787 846 1838 eampum
858 1772 978 1824 deducit.

226 1838 299 1890 XLl.
318 1841 425 1905 Quibus
447 1855 482 1892 ex
502 1841 572 1894 locis
592 1855 676 1906 quum
695 1842 805 1907 longius
826 1847 900 1892 esset
917 1855 980 1906 pro·

175 1923 304 1974 gressus,
326 1908 454 1960 conlecto
464 1910 520 1960 iarn
531 1909 627 1962 labere
638 1911 775 1972 exercitu,
796 1911 915 1964 sedecim
928 1911 978 1960 rni-

174 1977 241 2028 lium
253 1979 343 2044 spatio
355 1975 488 2036 constitit.
507 1977 564 2030 Dat
575 1980 633 2030 suis
643 1981 750 2048 signum
762 1978 878 2042 Subura,
889 1980 977 2030 eciem

175 2049 320 2104 constituit
330 2055 359 2100 et
370 2049 515 2108 circumire
526 2049 639 2102 ordines
649 2055 733 2116 atque
745 2047 854 2110 bertari
868 2050 977 2114 incipit3

174 2117 222 2168 sed
249 2119 375 2183 peditatu
400 2117 538 2170 duntaxat
560 2120 658 2186 procul
677 2120 712 2172 ed
733 2120 852 2188 speeiem
876 2120 976 2181 utitur,

174 2190 282 2254 equites
302 2190 329 2238 in
350 2189 436 2241 aciem
455 2189 552 2248 mittit,
590 2189 653 2250 Nou
667 2189 747 2242 deest
766 2191 880 2256 riegotio
893 2190 976 2240 Curio

173 2271 295 2325 suosque
314 2257 455 2322 hortatur,
473 2266 505 2310 ut
519 2274 596 2328 spem
617 2261 767 2320 omnemin
778 2263 881 2316 uirtute
898 2273 976 2323 repe·
1078 2291 1079 2296 =

173 2335 253 2380 nunt:
272 2343 307 2378 ne
320 2329 455 2386 militibus
482 2329 587 2392 pidem,
607 2335 639 2378 ut
650 2327 778 2392 defessis,
799 2329 975 2396 nequeequi-

171 2397 260 2459 tibus,
283 2405 314 2451 ut
329 2400 461 2464 pensitet
499 2398 726 2466 homunciones,
745 2399 867 2458 studium
880 2397 915 2450 ad
926 2412 975 2464 pu·

172 2466 313 2531 grandnm
324 2470 467 2536 virtusque
477 2467 589 2526 deerat:
605 2469 656 2528 sed
670 2469 692 2520 ii
708 2475 789 2521 eraut
800 2483 916 2520 numero
928 2467 975 2518 du

110 2553 113 2560 s
173 2535 260 2594 senti,
279 2535 378 2608 reliqui
389 2538 418 2594 io
429 2539 531 2596 itinere
542 2539 734 2594 substiterent.
770 2538 809 2588 Hi
820 2551 975 2604 quamcum-

173 2618 226 2667 que
239 2605 264 2652 iu
278 2615 384 2668 partem
394 2607 527 2672 impetum
540 2609 679 2670 lecerunt,
700 2608 793 2660 bostes
805 2608 866 2659 loco
877 2606 974 2664 cedere

172 2673 482 2748 repetentiumque
493 2677 604 2743 lougius
615 2675 755 2742 fugientes
762 2679 904 2746 prosequi,
924 2691 975 2728 nee

170 2736 363 2792 vehementius
379 2758 465 2809 equos
477 2746 597 2798 incitare
612 2755 752 2810 poterent.
787 2747 823 2797 rlt
833 2749 974 2808 equitatus
