2152 3144
179 155 231 212 ³82
361 157 392 206 Α.
410 155 553 208 litterss
570 153 624 206 DE
650 153 792 208 Baubo

179 261 254 328 qiam
265 257 383 310 dabatur
400 259 496 322 victis,
517 259 666 326 omniaque
681 259 835 312 victoribus
846 264 927 312 erant
938 258 984 312 t‘u.

177 339 242 384 tura
253 328 280 381 in
291 328 409 382 incerto:
427 329 485 391 iili,
506 329 532 380 si
546 334 726 396 superassent
735 330 864 392 navibus,
885 332 984 382 omnia

177 406 319 461 tenerent;
349 398 375 448 si
393 397 542 450 inferiores
562 397 697 461 fuissent,
725 399 863 466 reliquam
882 405 984 452 tamen

179 467 564 534 fortunampericlitarentur.
600 467 688 520 Simul
701 468 772 520 iliud
787 483 871 536 grave
887 471 985 520 aomi-

180 554 273 589 serum
283 537 439 600 ridebatur,
457 553 613 605 perpaucos
631 539 665 589 de
677 553 786 589 summa
796 553 889 602 rerum
901 547 935 590 ac·
946 539 984 592 de

180 609 270 660 salute
282 609 405 658 emnium
416 609 574 661 decertare:
590 623 711 676 quorum
722 608 747 658 si
764 609 812 676 qui
828 615 877 660 aut
887 611 983 660 animo

180 683 231 730 ant
241 679 343 730 virtute
354 679 494 742 cessisset,
512 679 628 747 reliquis
640 677 723 730 etiam
735 683 812 732 esset
821 678 984 742 cavendum,

181 748 281 815 quibus
292 762 343 812 pro
354 763 384 799 se
396 749 539 814 pugnandi
554 748 674 802 facultas
691 763 746 800 non
756 746 866 800 fuisset.
902 749 985 800 Haec

181 817 372 884 superioribus
389 817 486 870 diebus
496 833 698 886 saepenumero
712 819 815 871 Caesar
830 819 888 868 suis
900 832 985 884 expo·

182 892 288 948 suerat,
307 891 340 936 ut
360 884 413 938 hoc
432 889 538 940 maiore
559 891 652 940 animo
672 887 884 950 contenderent,
905 887 984 954 quod

183 957 307 1006 oninium
323 955 442 1012 salutem
458 957 511 1008 sibi
526 958 746 1010 commendatam
757 957 893 1009 viderent.
929 958 985 1008 Ea·

182 1025 245 1076 dem
255 1039 336 1075 suum
346 1025 462 1092 quisque
477 1028 716 1091 contubernalem,
736 1029 865 1090 amicum,
881 1032 985 1082 notum

181 1109 351 1161 prosequens
363 1101 424 1146 erat
435 1095 603 1161 obtestatus,
624 1113 659 1149 nc
669 1112 748 1149 suam
765 1103 848 1164 atque
857 1098 985 1150 omnium

181 1163 294 1218 falleret
304 1165 471 1230 opinionem,
483 1180 601 1232 quorum
617 1166 723 1219 iudicio
735 1167 861 1218 deiectus
879 1167 915 1219 ad
933 1181 987 1232 pu·
1032 1193 1037 1200 ·

181 1249 266 1302 gnam
277 1236 508 1301 proficisceretur.
527 1238 623 1306 ltaque
638 1235 691 1288 hoc
700 1239 793 1288 animo
804 1242 847 1288 est
860 1225 986 1291 d'eeerta·

180 1305 255 1368 tum,
275 1311 306 1356 ut
318 1320 407 1372 neque
418 1308 564 1358 maritimis
575 1309 750 1375 nauticisque
761 1307 888 1359 sollertia
898 1309 986 1374 atq'uc

181 1391 229 1430 ars
241 1375 410 1443 praesidium
425 1376 527 1440 ferret3
545 1392 635 1446 neque
650 1391 766 1428 suniero
776 1379 887 1428 navium
904 1391 986 1442 prae·

181 1446 319 1498 stantibus
330 1445 479 1498 multitudo
491 1447 652 1514 prodesset,
672 1455 763 1515 neque
774 1446 840 1500 dexi
852 1447 887 1498 ad
897 1448 986 1498 virtu·
1057 1455 1062 1464 '

181 1524 236 1567 tem
248 1531 283 1568 ex
293 1521 374 1567 tanta
384 1517 564 1570 multitudine
580 1517 632 1568 viri
643 1519 738 1569 virtuti
750 1523 910 1570 nostrorum
920 1532 987 1584 pos·

181 1592 246 1640 sent
260 1587 420 1653 adaequari.
457 1587 571 1654 Capitur
585 1585 639 1638 hoc
653 1588 762 1654 proelio
776 1585 986 1655 quinqueremis

181 1671 238 1708 una
248 1662 277 1707 et
286 1656 399 1707 biremis
411 1671 473 1708 cum
480 1657 671 1710 defensoribus
682 1657 888 1726 remigibusque
899 1661 927 1708 et
938 1655 986 1706 de-

180 1727 340 1793 primuntur
350 1730 426 1788 tres,
446 1729 551 1778 nostris
561 1726 746 1778 incolumibus
757 1727 898 1780 omnibus:
917 1724 986 1776 reli·

180 1810 253 1862 quae
268 1793 453 1870 propinquam
469 1795 564 1862 fugam
576 1794 612 1846 ud
627 1797 756 1863 oppidum
773 1797 894 1861 capiunt,
913 1811 986 1862 quas

179 1869 367 1931 protexerunt
379 1877 416 1914 cx
433 1863 552 1916 molibus
568 1869 652 1930 atque
667 1865 801 1917 aedificiis
815 1866 987 1918 imminenti·

180 1935 242 1996 bus,
260 1939 292 1986 et
301 1939 413 1984 nostros
423 1933 500 1986 adire
512 1935 625 2001 propius
636 1934 847 2002 prohibuerunt

233 2003 321 2058 xvrl.
341 2004 403 2065 Hoc
413 2019 448 2056 ne
458 2005 511 2059 sibi
523 2006 635 2072 saepius
647 2005 774 2056 accidere
783 2009 888 2072 posset,
907 2007 985 2056 omni

181 2076 291 2129 ratione
302 2075 406 2127 Caesar
420 2075 643 2128 contendendum
659 2076 843 2138 existimarit,
861 2080 895 2126 ut
908 2075 985 2128 iusu-
1071 2119 1072 2128 ,

181 2145 239 2199 iam
250 2143 419 2211 moiemquc,
426 2145 461 2198 ad
471 2144 592 2198 insulam
602 2146 800 2211 pertinentem,
810 2147 840 2198 in
851 2161 929 2198 snam
940 2161 986 2198 re·

179 2216 294 2284 digeret
304 2219 484 2283 potestatem:
502 2215 637 2282 perfectis
655 2216 728 2276 enim
739 2231 886 2284 magnaeus
900 2223 985 2284 parte

182 2285 385 2340 munitionibus
395 2284 424 2336 ie
436 2286 552 2352 oppido,
569 2291 603 2338 at
612 2285 690 2338 iliam
703 2291 732 2338 ct
741 2287 838 2340 urbem
848 2301 904 2338 uno
916 2292 984 2340 ten-

181 2371 253 2423 pore
268 2356 371 2410 tentari
386 2370 469 2422 posse
484 2355 651 2408 confidebat.
684 2355 839 2424 euocapto
854 2356 983 2420 coasilio,

180 2424 313 2480 cohortes
325 2426 420 2478 decern
429 2432 461 2477 et
470 2427 539 2480 levis
551 2431 711 2478 armaturae
721 2426 835 2489 electos,
845 2442 914 2495 quos
925 2420 984 2477 ido-

181 2509 251 2546 neos
262 2511 296 2548 ex
306 2495 445 2560 equitibus
453 2496 544 2550 Gallis
554 2495 752 2559 arbitrabatur,
771 2497 799 2548 in
810 2495 983 2564 nai-igiami·
1071 2549 1072 2562 q

182 2577 253 2614 nora
262 2563 431 2633 scaphasque
442 2565 572 2632 imponit:
592 2566 656 2622 inde
670 2566 787 2619 aiteram
799 2565 907 2618 insulae
922 2581 983 2632 par.
1071 2577 1072 2630 ι

179 2638 238 2682 tem
250 2633 427 2687 distinendae
433 2650 530 2686 manu
540 2650 638 2686 caussa
648 2639 799 2689 constratis
811 2637 925 2687 navibus
936 2635 981 2686 ad·
1071 2639 1072 2686 i

181 2701 315 2766 graditur,
325 2704 457 2768 praemiis
468 2705 577 2772 magnis
587 2706 753 2772 propositis,
769 2708 815 2775 qui
825 2706 930 2774 primus
940 2706 981 2756 in,
