2134 3148
254 241 257 248 ’
344 239 605 292 AFRICANC.
821 239 875 293 400

72 343 160 405 candi,
181 339 355 409 impumtatis
373 348 488 409 propter
500 347 633 394 maximas
644 357 691 394 res
707 349 802 412 gestas
814 358 873 411 spe,

72 415 123 481 ipsi
134 428 244 480 quoque
255 414 489 464 interficerentur.
517 415 614 481 ltaque
626 414 648 464 ii
660 429 756 464 omnes
768 412 874 480 Scipio·

70 486 112 534 nis
123 483 237 545 milites,
248 498 332 549 quum
344 482 426 533 tidem
440 484 567 534 Caesaris
578 483 770 549 implorarent,
779 483 873 549 inspe·
891 495 894 500 '

69 559 161 605 etanta
171 555 232 616 ipso
244 555 364 604 Caesare
375 558 404 604 et
416 569 433 603 a
442 553 578 604 militibus
589 554 767 619 deprecante,
780 554 820 604 eis
831 555 872 604 uti

68 630 221 690 parcerent,
233 621 267 672 ad
278 638 362 673 unum
374 630 439 672 sunt
450 621 602 674 interlecti.

59 723 61 728 ·
116 692 268 745 Lxxxvl.
288 694 391 744 Caesar
405 693 487 744 trinis
503 695 604 763 castris
620 694 741 760 potitus,
764 693 872 747 omisis-

68 777 118 829 que
130 760 251 812 hostium
265 762 359 813 decern
371 763 483 814 milibus
498 761 657 831 fugatisque
673 763 871 830 compluribus,

66 847 96 883 se
115 833 232 898 recepit,
253 834 453 900 quinquaginta
473 832 608 885 militibus
628 835 752 896 amissis,
774 836 872 900 paucis

66 903 179 963 sauciis,
200 903 229 951 in
242 911 343 966 castra,
355 905 490 954 aestatim
503 918 536 955 ex
548 904 650 954 itincre
661 908 726 954 ante
738 903 871 972 oppidum

65 971 206 1039 Thapsum
220 973 356 1036 constitit,
372 972 590 1040 elephantosque
602 971 692 1024 1.er
703 979 817 1025 ornatos
829 988 873 1026 ar.

65 1049 208 1109 anatesque
220 1058 281 1093 curn
295 1043 419 1093 turribus
431 1043 658 1110 ornamentisque
670 1044 755 1109 capit,
774 1049 872 1110 captos

66 1118 130 1164 ante
141 1112 273 1178 oppidum
285 1101 435 1166 instructos
447 1113 605 1166 constituit:
626 1113 655 1164 id
672 1111 726 1164 hoe
742 1113 871 1175 consilio,
937 1157 941 1174 ,

66 1184 89 1234 si
102 1187 196 1249 posset
207 1181 350 1252 Virgilius,
369 1187 470 1252 quique
482 1199 543 1234 eum
554 1199 588 1234 eo
601 1183 810 1245 obsidebantur,
829 1184 872 1233 rei

65 1253 138 1304 male
165 1259 263 1320 gestae
284 1268 397 1303 suorum
423 1253 526 1304 indicio
548 1269 564 1304 a
586 1255 741 1320 pertinacia
762 1252 872 1304 deduci.

65 1322 176 1374 Deinde
198 1323 258 1388 ipse
280 1324 433 1390 Virgilium
454 1323 609 1390 adpellarit
629 1323 814 1392 invitavitque
835 1320 873 1374 ad

65 1393 237 1444 deditionem
254 1408 388 1461 suamque
404 1393 550 1445 lenitatem
567 1397 596 1444 et
612 1393 787 1444 elementiam
799 1401 873 1443 com·

63 1465 238 1514 memoravit.
275 1461 362 1524 Quem
386 1470 530 1530 postquam
548 1462 872 1528 animadvertitrespon·

64 1549 126 1584 sum
138 1534 189 1584 sibi
202 1547 257 1583 nou
270 1531 345 1596 dare,
356 1533 391 1584 ab
403 1534 504 1601 oppido
516 1533 652 1584 discessit.
685 1531 804 1583 Postero
817 1532 873 1595 die,

63 1603 160 1654 divina
171 1618 202 1654 re
214 1601 296 1666 laeta,
308 1604 442 1655 concione
454 1605 598 1665 advocata,
620 1602 649 1653 in
662 1609 813 1668 conspectu
824 1617 872 1669 op·

63 1672 229 1740 pidanorum
251 1673 354 1740 milites
375 1674 527 1725 collaudat:
551 1679 698 1741 totumque
719 1675 873 1724 exercitum

63 1745 226 1794 veteranum
240 1742 361 1807 donarit,
371 1746 496 1811 praemia
508 1743 660 1794 fortissimo
673 1743 772 1810 cuique
784 1758 818 1794 ue
826 1744 871 1795 be·

63 1828 99 1864 ue
115 1816 234 1866 merenti
253 1829 303 1880 pro
321 1819 455 1882 suggestu
471 1814 585 1865 tribuit:
606 1829 637 1864 ac
648 1815 743 1864 statim
754 1813 820 1864 inde
832 1813 872 1864 di·

63 1898 191 1950 gressus,
213 1885 311 1936 Rebilo
323 1885 490 1952 proconsule
502 1900 563 1936 cum
582 1885 672 1934 tribus
684 1883 719 1934 ad
731 1881 873 1951 Thapsum

63 1953 223 2021 legionibus
236 1960 264 2005 et
276 1956 323 2006 Cn.
335 1956 460 2007 Domitio
478 1970 539 2006 cum
555 1953 662 2005 duabus
675 1954 807 2016 Tisdrae,
826 1954 874 2005 ubi

64 2023 213 2075 Considius
225 2031 363 2090 praeerat,
375 2025 411 2076 ad
423 2024 605 2077 obsidendum
617 2025 731 2087 relictis,
748 2023 787 2074 lli.
799 2023 874 2098 Mes·

62 2093 136 2144 salla
146 2094 251 2144 Uticam
268 2102 333 2147 ante
349 2097 502 2162 praemisso
519 2110 580 2146 cunr
592 2095 733 2162 equitatu,
754 2095 814 2161 ipse
827 2107 873 2146 eo·

63 2163 126 2215 dem
140 2166 195 2214 iter
206 2163 300 2215 tacere
311 2165 463 2216 contendit.
899 2217 903 2226 ,

52 2253 56 2261 ·
127 2233 291 2286 mxxxvii.
322 2236 439 2302 Equites
461 2234 575 2286 interim
597 2229 747 2300 Scipionis,
769 2233 816 2299 qui
838 2246 873 2284 ex

62 2303 175 2373 proelio
187 2302 329 2370 fugerant,
350 2319 433 2371 quum
446 2305 554 2355 Uticam
565 2318 663 2354 versus
674 2305 729 2354 iter
740 2299 874 2366 facerent,

61 2375 233 2443 perveniunt
253 2373 289 2424 ud
310 2374 440 2441 oppidum
457 2374 590 2425 Paradae.
627 2373 679 2424 Ubi
690 2388 773 2440 quum
786 2371 821 2423 ab
832 2372 874 2422 in·

63 2446 136 2498 colis
148 2459 203 2494 non
216 2445 422 2512 reciperentur,
442 2443 505 2496 ideo
528 2442 603 2513 quod
623 2441 699 2494 lerna
709 2443 743 2495 de
756 2441 875 2495 victoria

52 2515 193 2568 ¹Caesaris
203 2515 455 2580 praecucurrisset3
474 2517 500 2566 vi
511 2513 612 2582 oppido
623 2515 719 2579 potiti,
739 2515 768 2562 in
779 2513 872 2564 medio

63 2585 129 2638 toro
140 2584 224 2652 lignis
235 2585 404 2639 coacervatis
416 2587 599 2654 omnibusque
610 2584 798 2653 rebuseorum
806 2597 875 2635 coo·

61 2658 164 2726 gestis,
175 2656 267 2722 ignem
280 2658 431 2709 subiiciunt
442 2661 526 2725 atque
537 2657 597 2707 eius
607 2655 698 2724 oppidi
711 2654 816 2705 incolas
828 2669 873 2704 cu·

55 2728 166 2796 iusque
186 2727 299 2791 generis
324 2728 483 2796 aetatisque
504 2727 581 2780 rivos
601 2727 822 2792 constrictosque
843 2724 870 2775 in

63 2797 205 2853 flanrmam
221 2799 373 2853 coniiciunt
387 2805 472 2871 atqua
489 2799 530 2853 ita
545 2801 722 2855 acerbissimo
737 2793 872 2849 adiiciunt
