<?xml version="1.0" encoding="UTF-8"?>
<!DOCTYPE html PUBLIC "-//W3C//DTD XHTML 1.0 Transitional//EN"
    "http://www.w3.org/TR/xhtml1/DTD/xhtml1-transitional.dtd">
<html xmlns="http://www.w3.org/1999/xhtml" xml:lang="en" lang="en">
 <head>
  <title>
</title>
<meta http-equiv="Content-Type" content="text/html;charset=utf-8" />
  <meta name='ocr-system' content='tesseract 3.04.00' />
  <meta name='ocr-capabilities' content='ocr_page ocr_carea ocr_par ocr_line ocrx_word'/>
</head>
<body>
  <div class='ocr_page' id='page_1' title='image "./cjuliicaesarisc05caesgoog_0043.png"; bbox 0 0 2150 3124; ppageno 0'>
   <div class='ocr_carea' id='block_1_1' title="bbox 344 139 855 197">
    <p class='ocr_par' dir='ltr' id='par_1_1' title="bbox 344 139 855 197">
     <span class='ocr_line' id='line_1_1' title="bbox 344 139 855 197; baseline 0.008 -4"><span class='ocrx_word' id='word_1_1' title='bbox 344 141 499 194; x_wconf 69' lang='lat' dir='ltr'><strong>&#39;iri-BER</strong></span> <span class='ocrx_word' id='word_1_2' title='bbox 532 141 556 194; x_wconf 75' lang='lat' dir='ltr'><strong>l.</strong></span> <span class='ocrx_word' id='word_1_3' title='bbox 594 177 596 182; x_wconf 68' lang='lat'>,</span> <span class='ocrx_word' id='word_1_4' title='bbox 640 142 643 178; x_wconf 72' lang='grc' dir='ltr'><strong>ἶ</strong></span> <span class='ocrx_word' id='word_1_5' title='bbox 820 139 855 197; x_wconf 76' lang='grc'><strong>33</strong></span> 
     </span>
    </p>
   </div>
   <div class='ocr_carea' id='block_1_2' title="bbox 47 246 891 2331">
    <p class='ocr_par' dir='ltr' id='par_1_2' title="bbox 52 246 891 870">
     <span class='ocr_line' id='line_1_2' title="bbox 62 246 856 313; baseline -0.005 -10"><span class='ocrx_word' id='word_1_6' title='bbox 62 263 117 304; x_wconf 82' lang='lat' dir='ltr'><strong>casu</strong></span> <span class='ocrx_word' id='word_1_7' title='bbox 129 261 193 300; x_wconf 86' lang='lat' dir='ltr'><strong>suns</strong></span> <span class='ocrx_word' id='word_1_8' title='bbox 207 247 299 313; x_wconf 84' lang='lat' dir='ltr'><strong>copias</strong></span> <span class='ocrx_word' id='word_1_9' title='bbox 309 246 478 310; x_wconf 78' lang='lat' dir='ltr'><strong>Ariovistus,</strong></span> <span class='ocrx_word' id='word_1_10' title='bbox 497 247 593 298; x_wconf 88' lang='lat' dir='ltr'><strong>multis</strong></span> <span class='ocrx_word' id='word_1_11' title='bbox 605 248 730 299; x_wconf 79' lang='lat' dir='ltr'><strong>stilletis</strong></span> <span class='ocrx_word' id='word_1_12' title='bbox 742 253 770 299; x_wconf 88' lang='lat' dir='ltr'><strong>et</strong></span> <span class='ocrx_word' id='word_1_13' title='bbox 781 263 856 300; x_wconf 74' lang='lat' dir='ltr'><strong>acciu</strong></span> 
     </span>
     <span class='ocr_line' id='line_1_3' title="bbox 59 317 891 388; baseline -0.002 -18"><span class='ocrx_word' id='word_1_14' title='bbox 59 323 106 388; x_wconf 87' lang='lat' dir='ltr'><strong>ptis</strong></span> <span class='ocrx_word' id='word_1_15' title='bbox 116 317 325 378; x_wconf 86' lang='lat' dir='ltr'><strong>vulneribus‚in</strong></span> <span class='ocrx_word' id='word_1_16' title='bbox 336 317 556 368; x_wconf 81' lang='lat' dir='ltr'><strong>castrareduxit.</strong></span> <span class='ocrx_word' id='word_1_17' title='bbox 593 319 731 380; x_wconf 78' lang='lat' dir='ltr'><strong>Quumex</strong></span> <span class='ocrx_word' id='word_1_18' title='bbox 741 319 857 383; x_wconf 86' lang='lat' dir='ltr'><strong>captivis</strong></span> <span class='ocrx_word' id='word_1_19' title='bbox 888 371 891 374; x_wconf 73' lang='grc'><strong>,</strong></span> 
     </span>
     <span class='ocr_line' id='line_1_4' title="bbox 59 386 857 458; baseline -0.003 -18"><span class='ocrx_word' id='word_1_20' title='bbox 59 391 200 458; x_wconf 82' lang='lat' dir='ltr'><strong>quaereret</strong></span> <span class='ocrx_word' id='word_1_21' title='bbox 218 386 334 448; x_wconf 84' lang='lat' dir='ltr'><strong>Cacsar,</strong></span> <span class='ocrx_word' id='word_1_22' title='bbox 353 387 490 453; x_wconf 83' lang='lat' dir='ltr'><strong>quam-ob</strong></span> <span class='ocrx_word' id='word_1_23' title='bbox 509 389 730 439; x_wconf 45' lang='lat' dir='ltr'><strong>revariovistus</strong></span> <span class='ocrx_word' id='word_1_24' title='bbox 750 387 857 453; x_wconf 86' lang='lat' dir='ltr'><strong>proelio</strong></span> 
     </span>
     <span class='ocr_line' id='line_1_5' title="bbox 56 454 856 524; baseline -0.003 -14"><span class='ocrx_word' id='word_1_25' title='bbox 56 474 107 510; x_wconf 81' lang='lat' dir='ltr'><strong>ron</strong></span> <span class='ocrx_word' id='word_1_26' title='bbox 117 459 286 517; x_wconf 81' lang='lat' dir='ltr'><strong>decertaret3</strong></span> <span class='ocrx_word' id='word_1_27' title='bbox 299 454 371 506; x_wconf 87' lang='lat' dir='ltr'><strong>hanc</strong></span> <span class='ocrx_word' id='word_1_28' title='bbox 382 456 539 521; x_wconf 79' lang='lat' dir='ltr'><strong>reperiebat</strong></span> <span class='ocrx_word' id='word_1_29' title='bbox 549 472 688 518; x_wconf 81' lang='lat' dir='ltr'>caussam,</span> <span class='ocrx_word' id='word_1_30' title='bbox 699 458 772 524; x_wconf 85' lang='lat' dir='ltr'><strong>quod</strong></span> <span class='ocrx_word' id='word_1_31' title='bbox 783 457 856 522; x_wconf 81' lang='lat' dir='ltr'><strong>apud</strong></span> 
     </span>
     <span class='ocr_line' id='line_1_6' title="bbox 55 525 860 587; baseline -0.001 -7"><span class='ocrx_word' id='word_1_32' title='bbox 55 529 203 582; x_wconf 84' lang='lat' dir='ltr'><strong>Germanos</strong></span> <span class='ocrx_word' id='word_1_33' title='bbox 222 540 255 576; x_wconf 85' lang='lat' dir='ltr'><strong>en</strong></span> <span class='ocrx_word' id='word_1_34' title='bbox 272 525 446 576; x_wconf 78' lang='lat' dir='ltr'><strong>consuetudo</strong></span> <span class='ocrx_word' id='word_1_35' title='bbox 467 531 550 587; x_wconf 87' lang='lat' dir='ltr'><strong>esset,</strong></span> <span class='ocrx_word' id='word_1_36' title='bbox 570 533 602 576; x_wconf 92' lang='lat' dir='ltr'><strong>ut</strong></span> <span class='ocrx_word' id='word_1_37' title='bbox 618 531 719 577; x_wconf 85' lang='lat' dir='ltr'><strong>matres</strong></span> <span class='ocrx_word' id='word_1_38' title='bbox 735 526 860 579; x_wconf 80' lang='lat' dir='ltr'><strong>familiae</strong></span> 
     </span>
     <span class='ocr_line' id='line_1_7' title="bbox 55 595 858 658; baseline 0 -10"><span class='ocrx_word' id='word_1_39' title='bbox 55 613 147 648; x_wconf 87' lang='lat' dir='ltr'><strong>eorum</strong></span> <span class='ocrx_word' id='word_1_40' title='bbox 157 595 278 646; x_wconf 87' lang='lat' dir='ltr'><strong>sortibus</strong></span> <span class='ocrx_word' id='word_1_41' title='bbox 289 600 318 646; x_wconf 84' lang='lat' dir='ltr'><strong>et</strong></span> <span class='ocrx_word' id='word_1_42' title='bbox 327 595 758 658; x_wconf 82' lang='lat' dir='ltr'><strong>vaticinationibusdeclararent,</strong></span> <span class='ocrx_word' id='word_1_43' title='bbox 764 603 858 649; x_wconf 85' lang='lat' dir='ltr'><strong>utrum</strong></span> 
     </span>
     <span class='ocr_line' id='line_1_8' title="bbox 52 661 888 734; baseline 0.002 -18"><span class='ocrx_word' id='word_1_44' title='bbox 52 665 330 734; x_wconf 84' lang='lat' dir='ltr'><strong>proelium-committi</strong></span> <span class='ocrx_word' id='word_1_45' title='bbox 346 679 380 716; x_wconf 80' lang='lat' dir='ltr'><strong>ex</strong></span> <span class='ocrx_word' id='word_1_46' title='bbox 390 679 442 714; x_wconf 87' lang='lat' dir='ltr'><strong>usu</strong></span> <span class='ocrx_word' id='word_1_47' title='bbox 453 671 539 726; x_wconf 87' lang='lat' dir='ltr'><strong>esset,</strong></span> <span class='ocrx_word' id='word_1_48' title='bbox 549 679 601 715; x_wconf 87' lang='lat' dir='ltr'><strong>nec</strong></span> <span class='ocrx_word' id='word_1_49' title='bbox 611 681 659 716; x_wconf 86' lang='lat' dir='ltr'><strong>ne:</strong></span> <span class='ocrx_word' id='word_1_50' title='bbox 680 681 727 716; x_wconf 88' lang='lat' dir='ltr'><strong>eas</strong></span> <span class='ocrx_word' id='word_1_51' title='bbox 738 668 778 716; x_wconf 85' lang='lat' dir='ltr'><strong>ito</strong></span> <span class='ocrx_word' id='word_1_52' title='bbox 788 661 862 718; x_wconf 58' lang='lat' dir='ltr'><strong>dices</strong></span> <span class='ocrx_word' id='word_1_53' title='bbox 885 717 888 722; x_wconf 89' lang='grc'>,</span> 
     </span>
     <span class='ocr_line' id='line_1_9' title="bbox 52 733 860 805; baseline -0.001 -18"><span class='ocrx_word' id='word_1_54' title='bbox 52 751 97 787; x_wconf 83' lang='lat' dir='ltr'><strong>re:-</strong></span> <span class='ocrx_word' id='word_1_55' title='bbox 114 733 176 788; x_wconf 76' lang='lat' dir='ltr'><strong>Nos</strong></span> <span class='ocrx_word' id='word_1_56' title='bbox 189 749 244 785; x_wconf 82' lang='lat' dir='ltr'><strong>erre</strong></span> <span class='ocrx_word' id='word_1_57' title='bbox 253 733 318 805; x_wconf 76' lang='lat' dir='ltr'><strong>fas,</strong></span> <span class='ocrx_word' id='word_1_58' title='bbox 337 734 644 800; x_wconf 48' lang='lat' dir='ltr'><strong>‘German&#39;orsuperam</strong></span> <span class='ocrx_word' id='word_1_59' title='bbox 655 734 752 787; x_wconf 62' lang='lat' dir='ltr'><strong>dante</strong></span> <span class='ocrx_word' id='word_1_60' title='bbox 763 750 860 788; x_wconf 81' lang='lat' dir='ltr'><strong>novam</strong></span> 
     </span>
     <span class='ocr_line' id='line_1_10' title="bbox 55 801 471 870; baseline -0.01 -14"><span class='ocrx_word' id='word_1_61' title='bbox 55 807 145 858; x_wconf 80' lang='lat' dir='ltr'><strong>lunam</strong></span> <span class='ocrx_word' id='word_1_62' title='bbox 152 801 256 870; x_wconf 75' lang='lat' dir='ltr'><strong>proelio</strong></span> <span class='ocrx_word' id='word_1_63' title='bbox 266 802 471 855; x_wconf 59' lang='lat' dir='ltr'><strong>contulissent.</strong></span> 
     </span>
    </p>

    <p class='ocr_par' dir='ltr' id='par_1_3' title="bbox 47 872 888 1908">
     <span class='ocr_line' id='line_1_11' title="bbox 104 872 888 941; baseline -0.005 -17"><span class='ocrx_word' id='word_1_64' title='bbox 104 875 150 924; x_wconf 86' lang='lat' dir='ltr'><strong>Ll.</strong></span> <span class='ocrx_word' id='word_1_65' title='bbox 174 899 176 902; x_wconf 96' lang='lat'>·</span> <span class='ocrx_word' id='word_1_66' title='bbox 186 872 324 924; x_wconf 88' lang='lat' dir='ltr'><strong>Postridie</strong></span> <span class='ocrx_word' id='word_1_67' title='bbox 333 873 396 924; x_wconf 85' lang='lat' dir='ltr'><strong>eius</strong></span> <span class='ocrx_word' id='word_1_68' title='bbox 406 873 461 923; x_wconf 80' lang='lat' dir='ltr'><strong>diei</strong></span> <span class='ocrx_word' id='word_1_69' title='bbox 472 873 573 924; x_wconf 81' lang='lat' dir='ltr'><strong>Caesar</strong></span> <span class='ocrx_word' id='word_1_70' title='bbox 583 874 721 939; x_wconf 84' lang='lat' dir='ltr'><strong>praesidio</strong></span> <span class='ocrx_word' id='word_1_71' title='bbox 732 874 862 941; x_wconf 89' lang='lat' dir='ltr'><strong>utrisque</strong></span> <span class='ocrx_word' id='word_1_72' title='bbox 885 913 888 920; x_wconf 88' lang='lat'><strong>.</strong></span> 
     </span>
     <span class='ocr_line' id='line_1_12' title="bbox 55 941 860 1011; baseline -0.001 -17"><span class='ocrx_word' id='word_1_73' title='bbox 55 944 162 1005; x_wconf 84' lang='lat' dir='ltr'><strong>castris,</strong></span> <span class='ocrx_word' id='word_1_74' title='bbox 172 941 246 1010; x_wconf 84' lang='lat' dir='ltr'><strong>quod</strong></span> <span class='ocrx_word' id='word_1_75' title='bbox 256 944 324 992; x_wconf 85' lang='lat' dir='ltr'><strong>satis</strong></span> <span class='ocrx_word' id='word_1_76' title='bbox 334 957 394 994; x_wconf 88' lang='lat' dir='ltr'><strong>esse</strong></span> <span class='ocrx_word' id='word_1_77' title='bbox 403 943 491 993; x_wconf 81' lang='lat' dir='ltr'><strong>risum</strong></span> <span class='ocrx_word' id='word_1_78' title='bbox 502 948 559 1005; x_wconf 86' lang='lat' dir='ltr'><strong>est,</strong></span> <span class='ocrx_word' id='word_1_79' title='bbox 569 944 691 1011; x_wconf 88' lang='lat' dir='ltr'><strong>reliquit,</strong></span> <span class='ocrx_word' id='word_1_80' title='bbox 702 945 791 994; x_wconf 85' lang='lat' dir='ltr'><strong>curuis</strong></span> <span class='ocrx_word' id='word_1_81' title='bbox 802 943 860 994; x_wconf 87' lang='lat' dir='ltr'><strong>ala·</strong></span> 
     </span>
     <span class='ocr_line' id='line_1_13' title="bbox 52 1010 885 1079; baseline 0 -15"><span class='ocrx_word' id='word_1_82' title='bbox 52 1016 109 1064; x_wconf 89' lang='lat' dir='ltr'><strong>rios</strong></span> <span class='ocrx_word' id='word_1_83' title='bbox 124 1013 153 1062; x_wconf 89' lang='lat' dir='ltr'><strong>in</strong></span> <span class='ocrx_word' id='word_1_84' title='bbox 167 1016 318 1077; x_wconf 86' lang='lat' dir='ltr'><strong>conspectu</strong></span> <span class='ocrx_word' id='word_1_85' title='bbox 327 1010 448 1062; x_wconf 81' lang='lat' dir='ltr'><strong>hostium</strong></span> <span class='ocrx_word' id='word_1_86' title='bbox 458 1027 509 1079; x_wconf 93' lang='lat' dir='ltr'><strong>pro</strong></span> <span class='ocrx_word' id='word_1_87' title='bbox 520 1015 619 1064; x_wconf 86' lang='lat' dir='ltr'><strong>castris</strong></span> <span class='ocrx_word' id='word_1_88' title='bbox 631 1015 783 1066; x_wconf 88' lang='lat' dir='ltr'><strong>minoribus</strong></span> <span class='ocrx_word' id='word_1_89' title='bbox 795 1028 861 1064; x_wconf 89' lang='lat' dir='ltr'><strong>con·</strong></span> <span class='ocrx_word' id='word_1_90' title='bbox 882 1065 885 1070; x_wconf 75' lang='grc'><em>,</em></span> 
     </span>
     <span class='ocr_line' id='line_1_14' title="bbox 50 1081 886 1150; baseline -0.001 -17"><span class='ocrx_word' id='word_1_91' title='bbox 50 1083 157 1143; x_wconf 87' lang='lat' dir='ltr'><strong>stituit,</strong></span> <span class='ocrx_word' id='word_1_92' title='bbox 176 1081 351 1148; x_wconf 87' lang='lat' dir='ltr'><strong>quodminus</strong></span> <span class='ocrx_word' id='word_1_93' title='bbox 361 1081 540 1134; x_wconf 86' lang='lat' dir='ltr'><strong>multitudine</strong></span> <span class='ocrx_word' id='word_1_94' title='bbox 550 1083 670 1133; x_wconf 89' lang='lat' dir='ltr'><strong>militum</strong></span> <span class='ocrx_word' id='word_1_95' title='bbox 681 1082 862 1150; x_wconf 83' lang='lat' dir='ltr'><strong>legioniario·</strong></span> <span class='ocrx_word' id='word_1_96' title='bbox 885 1135 886 1142; x_wconf 9' lang='grc' dir='ltr'>χ</span> 
     </span>
     <span class='ocr_line' id='line_1_15' title="bbox 49 1149 886 1218; baseline 0.001 -15"><span class='ocrx_word' id='word_1_97' title='bbox 49 1167 113 1204; x_wconf 87' lang='lat' dir='ltr'><strong>rum</strong></span> <span class='ocrx_word' id='word_1_98' title='bbox 130 1166 179 1217; x_wconf 94' lang='lat' dir='ltr'><strong>pro</strong></span> <span class='ocrx_word' id='word_1_99' title='bbox 192 1149 313 1201; x_wconf 87' lang='lat' dir='ltr'><strong>hostium</strong></span> <span class='ocrx_word' id='word_1_100' title='bbox 323 1165 440 1202; x_wconf 88' lang='lat' dir='ltr'><strong>numero</strong></span> <span class='ocrx_word' id='word_1_101' title='bbox 449 1151 573 1214; x_wconf 76' lang='lat' dir='ltr'><strong>volebat,</strong></span> <span class='ocrx_word' id='word_1_102' title='bbox 587 1152 664 1202; x_wconf 86' lang='lat' dir='ltr'><strong>ut-ad</strong></span> <span class='ocrx_word' id='word_1_103' title='bbox 675 1155 792 1218; x_wconf 78' lang='lat' dir='ltr'><strong>speciem</strong></span> <span class='ocrx_word' id='word_1_104' title='bbox 803 1153 861 1204; x_wconf 82' lang='lat' dir='ltr'><strong>als·</strong></span> <span class='ocrx_word' id='word_1_105' title='bbox 883 1205 886 1210; x_wconf 85' lang='grc'><em>,</em></span> 
     </span>
     <span class='ocr_line' id='line_1_16' title="bbox 49 1220 862 1290; baseline 0 -18"><span class='ocrx_word' id='word_1_106' title='bbox 49 1224 100 1272; x_wconf 87' lang='lat' dir='ltr'><strong>riis</strong></span> <span class='ocrx_word' id='word_1_107' title='bbox 112 1225 245 1272; x_wconf 56' lang='lat' dir='ltr'><strong>utereturi</strong></span> <span class='ocrx_word' id='word_1_108' title='bbox 281 1221 358 1288; x_wconf 89' lang='lat' dir='ltr'><strong>lpse,</strong></span> <span class='ocrx_word' id='word_1_109' title='bbox 372 1220 474 1286; x_wconf 86' lang='lat' dir='ltr'><strong>triplici</strong></span> <span class='ocrx_word' id='word_1_110' title='bbox 485 1221 622 1272; x_wconf 80' lang='lat' dir='ltr'><strong>instructa</strong></span> <span class='ocrx_word' id='word_1_111' title='bbox 633 1223 705 1284; x_wconf 85' lang='lat' dir='ltr'><strong>acie,</strong></span> <span class='ocrx_word' id='word_1_112' title='bbox 724 1238 812 1290; x_wconf 83' lang='lat' dir='ltr'><strong>usque</strong></span> <span class='ocrx_word' id='word_1_113' title='bbox 823 1221 862 1272; x_wconf 85' lang='lat' dir='ltr'><strong>ml</strong></span> 
     </span>
     <span class='ocr_line' id='line_1_17' title="bbox 49 1289 882 1348; baseline -0.004 -4"><span class='ocrx_word' id='word_1_114' title='bbox 49 1298 145 1344; x_wconf 78' lang='lat' dir='ltr'><strong>castra</strong></span> <span class='ocrx_word' id='word_1_115' title='bbox 169 1289 290 1340; x_wconf 90' lang='lat' dir='ltr'><strong>hostium</strong></span> <span class='ocrx_word' id='word_1_116' title='bbox 315 1292 439 1341; x_wconf 83' lang='lat' dir='ltr'><strong>accessit.</strong></span> <span class='ocrx_word' id='word_1_117' title='bbox 476 1293 548 1343; x_wconf 86' lang='lat' dir='ltr'><strong>Tum</strong></span> <span class='ocrx_word' id='word_1_118' title='bbox 572 1291 683 1342; x_wconf 82' lang='lat' dir='ltr'><strong>demum</strong></span> <span class='ocrx_word' id='word_1_119' title='bbox 703 1291 860 1343; x_wconf 81' lang='lat' dir='ltr'><strong>necessario</strong></span> <span class='ocrx_word' id='word_1_120' title='bbox 880 1341 882 1348; x_wconf 81' lang='grc'><em>,</em></span> 
     </span>
     <span class='ocr_line' id='line_1_18' title="bbox 49 1361 863 1427; baseline -0.004 -15"><span class='ocrx_word' id='word_1_121' title='bbox 49 1361 185 1412; x_wconf 79' lang='lat' dir='ltr'><strong>Germani</strong></span> <span class='ocrx_word' id='word_1_122' title='bbox 199 1374 266 1410; x_wconf 84' lang='lat' dir='ltr'><strong>suas</strong></span> <span class='ocrx_word' id='word_1_123' title='bbox 279 1361 373 1426; x_wconf 82' lang='lat' dir='ltr'><strong>copias</strong></span> <span class='ocrx_word' id='word_1_124' title='bbox 389 1361 487 1411; x_wconf 81' lang='lat' dir='ltr'><strong>eastris</strong></span> <span class='ocrx_word' id='word_1_125' title='bbox 503 1361 679 1422; x_wconf 55' lang='lat' dir='ltr'><strong>eduxerunt&#39;</strong></span> <span class='ocrx_word' id='word_1_126' title='bbox 695 1362 863 1427; x_wconf 68' lang='lat' dir='ltr'><strong>generatim-2</strong></span> 
     </span>
     <span class='ocr_line' id='line_1_19' title="bbox 48 1429 861 1499; baseline -0.002 -19"><span class='ocrx_word' id='word_1_127' title='bbox 48 1445 106 1499; x_wconf 85' lang='lat' dir='ltr'><strong>que</strong></span> <span class='ocrx_word' id='word_1_128' title='bbox 131 1431 336 1480; x_wconf 87' lang='lat' dir='ltr'><strong>constituerunt</strong></span> <span class='ocrx_word' id='word_1_129' title='bbox 359 1429 524 1498; x_wconf 86' lang='lat' dir='ltr'><strong>paribusque</strong></span> <span class='ocrx_word' id='word_1_130' title='bbox 549 1430 703 1481; x_wconf 73' lang='lat' dir='ltr'><strong>intervallis</strong></span> <span class='ocrx_word' id='word_1_131' title='bbox 723 1430 861 1490; x_wconf 75' lang='lat' dir='ltr'><strong>Harudes,</strong></span> 
     </span>
     <span class='ocr_line' id='line_1_20' title="bbox 47 1497 883 1565; baseline -0.004 -14"><span class='ocrx_word' id='word_1_132' title='bbox 47 1501 281 1560; x_wconf 80' lang='lat' dir='ltr'><strong>Marcomannos,</strong></span> <span class='ocrx_word' id='word_1_133' title='bbox 294 1499 457 1562; x_wconf 69' lang='lat' dir='ltr'><strong>&#39;l&#39;riboccos3</strong></span> <span class='ocrx_word' id='word_1_134' title='bbox 472 1500 646 1565; x_wconf 79' lang='lat' dir='ltr'><strong>Vangiones,</strong></span> <span class='ocrx_word' id='word_1_135' title='bbox 662 1498 804 1560; x_wconf 83' lang='lat' dir='ltr'><strong>Nemetes,</strong></span> <span class='ocrx_word' id='word_1_136' title='bbox 816 1497 863 1548; x_wconf 85' lang='lat' dir='ltr'><strong>Se·</strong></span> <span class='ocrx_word' id='word_1_137' title='bbox 881 1553 883 1558; x_wconf 62' lang='grc'>,</span> 
     </span>
     <span class='ocr_line' id='line_1_21' title="bbox 49 1566 865 1635; baseline -0.006 -14"><span class='ocrx_word' id='word_1_138' title='bbox 49 1568 166 1629; x_wconf 87' lang='lat' dir='ltr'><strong>dusios,</strong></span> <span class='ocrx_word' id='word_1_139' title='bbox 176 1566 291 1630; x_wconf 85' lang='lat' dir='ltr'><strong>Suevos,</strong></span> <span class='ocrx_word' id='word_1_140' title='bbox 301 1582 466 1635; x_wconf 89' lang='lat' dir='ltr'><strong>omnemque</strong></span> <span class='ocrx_word' id='word_1_141' title='bbox 477 1571 562 1620; x_wconf 85' lang='lat' dir='ltr'><strong>aciem</strong></span> <span class='ocrx_word' id='word_1_142' title='bbox 573 1583 650 1618; x_wconf 85' lang='lat' dir='ltr'><strong>suam</strong></span> <span class='ocrx_word' id='word_1_143' title='bbox 661 1566 755 1618; x_wconf 88' lang='lat' dir='ltr'><strong>rhedis</strong></span> <span class='ocrx_word' id='word_1_144' title='bbox 768 1573 796 1619; x_wconf 85' lang='lat' dir='ltr'><strong>et</strong></span> <span class='ocrx_word' id='word_1_145' title='bbox 807 1582 865 1617; x_wconf 83' lang='lat' dir='ltr'><strong>car·</strong></span> 
     </span>
     <span class='ocr_line' id='line_1_22' title="bbox 48 1636 883 1705; baseline -0.004 -14"><span class='ocrx_word' id='word_1_146' title='bbox 48 1641 92 1692; x_wconf 88' lang='lat' dir='ltr'><strong>ris</strong></span> <span class='ocrx_word' id='word_1_147' title='bbox 108 1637 366 1700; x_wconf 86' lang='lat' dir='ltr'><strong>circumdederunt,</strong></span> <span class='ocrx_word' id='word_1_148' title='bbox 385 1653 420 1690; x_wconf 89' lang='lat' dir='ltr'><strong>nc</strong></span> <span class='ocrx_word' id='word_1_149' title='bbox 435 1653 496 1705; x_wconf 69' lang='lat' dir='ltr'><strong>quav</strong></span> <span class='ocrx_word' id='word_1_150' title='bbox 506 1649 569 1705; x_wconf 82' lang='lat' dir='ltr'><strong>spes</strong></span> <span class='ocrx_word' id='word_1_151' title='bbox 579 1639 607 1687; x_wconf 91' lang='lat' dir='ltr'><strong>in</strong></span> <span class='ocrx_word' id='word_1_152' title='bbox 620 1636 685 1704; x_wconf 83' lang='lat' dir='ltr'><strong>fuga</strong></span> <span class='ocrx_word' id='word_1_153' title='bbox 696 1637 865 1705; x_wconf 82' lang='lat' dir='ltr'><strong>relinquere·¹</strong></span> <span class='ocrx_word' id='word_1_154' title='bbox 880 1691 883 1696; x_wconf 73' lang='grc'><em>,</em></span> 
     </span>
     <span class='ocr_line' id='line_1_23' title="bbox 47 1706 865 1776; baseline -0.006 -16"><span class='ocrx_word' id='word_1_155' title='bbox 47 1716 108 1760; x_wconf 88' lang='lat' dir='ltr'><strong>tur.</strong></span> <span class='ocrx_word' id='word_1_156' title='bbox 146 1707 187 1757; x_wconf 87' lang='lat' dir='ltr'><strong>Eo</strong></span> <span class='ocrx_word' id='word_1_157' title='bbox 207 1706 337 1759; x_wconf 88' lang='lat' dir='ltr'><strong>mulieres</strong></span> <span class='ocrx_word' id='word_1_158' title='bbox 355 1707 560 1776; x_wconf 86' lang='lat' dir='ltr'><strong>imposuerunt,</strong></span> <span class='ocrx_word' id='word_1_159' title='bbox 589 1722 659 1774; x_wconf 83' lang='lat' dir='ltr'><strong>quae</strong></span> <span class='ocrx_word' id='word_1_160' title='bbox 679 1709 706 1756; x_wconf 90' lang='lat' dir='ltr'><strong>in</strong></span> <span class='ocrx_word' id='word_1_161' title='bbox 728 1707 865 1773; x_wconf 87' lang='lat' dir='ltr'><strong>proelium</strong></span> 
     </span>
     <span class='ocr_line' id='line_1_24' title="bbox 47 1775 884 1844; baseline 0.001 -17"><span class='ocrx_word' id='word_1_162' title='bbox 47 1777 265 1843; x_wconf 79' lang='lat' dir='ltr'><strong>proficiscentes</strong></span> <span class='ocrx_word' id='word_1_163' title='bbox 283 1776 387 1828; x_wconf 81' lang='lat' dir='ltr'><strong>milites</strong></span> <span class='ocrx_word' id='word_1_164' title='bbox 398 1777 486 1843; x_wconf 81' lang='lat' dir='ltr'><strong>passis</strong></span> <span class='ocrx_word' id='word_1_165' title='bbox 497 1779 616 1828; x_wconf 78' lang='lat' dir='ltr'>crinibus</span> <span class='ocrx_word' id='word_1_166' title='bbox 627 1775 724 1828; x_wconf 84' lang='lat' dir='ltr'><strong>flentes</strong></span> <span class='ocrx_word' id='word_1_167' title='bbox 736 1778 868 1844; x_wconf 59' lang='lat' dir='ltr'><strong>imploru-⁴</strong></span> <span class='ocrx_word' id='word_1_168' title='bbox 880 1829 884 1838; x_wconf 73' lang='grc'><strong>,</strong></span> 
     </span>
     <span class='ocr_line' id='line_1_25' title="bbox 48 1847 744 1908; baseline -0.001 -11"><span class='ocrx_word' id='word_1_169' title='bbox 48 1849 135 1908; x_wconf 86' lang='lat' dir='ltr'><strong>baut,</strong></span> <span class='ocrx_word' id='word_1_170' title='bbox 147 1862 181 1897; x_wconf 86' lang='lat' dir='ltr'><strong>ne</strong></span> <span class='ocrx_word' id='word_1_171' title='bbox 192 1861 221 1897; x_wconf 89' lang='lat' dir='ltr'><strong>se</strong></span> <span class='ocrx_word' id='word_1_172' title='bbox 232 1847 261 1896; x_wconf 90' lang='lat' dir='ltr'><strong>in</strong></span> <span class='ocrx_word' id='word_1_173' title='bbox 271 1848 434 1897; x_wconf 84' lang='lat' dir='ltr'><strong>servitutem</strong></span> <span class='ocrx_word' id='word_1_174' title='bbox 444 1847 575 1898; x_wconf 81' lang='lat' dir='ltr'><strong>Romanis</strong></span> <span class='ocrx_word' id='word_1_175' title='bbox 586 1847 744 1898; x_wconf 78' lang='lat' dir='ltr'><strong>traderent·</strong></span> 
     </span>
    </p>

    <p class='ocr_par' dir='ltr' id='par_1_4' title="bbox 50 1915 867 2331">
     <span class='ocr_line' id='line_1_26' title="bbox 103 1915 865 1984; baseline -0.001 -17"><span class='ocrx_word' id='word_1_176' title='bbox 103 1915 166 1967; x_wconf 90' lang='lat' dir='ltr'><strong>Lll.</strong></span> <span class='ocrx_word' id='word_1_177' title='bbox 205 1916 307 1968; x_wconf 80' lang='lat' dir='ltr'><strong>Caesar</strong></span> <span class='ocrx_word' id='word_1_178' title='bbox 320 1915 438 1982; x_wconf 84' lang='lat' dir='ltr'><strong>singulis</strong></span> <span class='ocrx_word' id='word_1_179' title='bbox 452 1916 609 1984; x_wconf 78' lang='lat' dir='ltr'><strong>legionibus</strong></span> <span class='ocrx_word' id='word_1_180' title='bbox 624 1916 747 1984; x_wconf 86' lang='lat' dir='ltr'><strong>singulos</strong></span> <span class='ocrx_word' id='word_1_181' title='bbox 758 1915 865 1983; x_wconf 85' lang='lat' dir='ltr'><strong>legatos</strong></span> 
     </span>
     <span class='ocr_line' id='line_1_27' title="bbox 50 1985 865 2053; baseline -0.002 -15"><span class='ocrx_word' id='word_1_182' title='bbox 50 1990 81 2038; x_wconf 89' lang='lat' dir='ltr'><strong>et</strong></span> <span class='ocrx_word' id='word_1_183' title='bbox 95 1990 276 2053; x_wconf 82' lang='lat' dir='ltr'><strong>quaestorem</strong></span> <span class='ocrx_word' id='word_1_184' title='bbox 292 1985 440 2050; x_wconf 86' lang='lat' dir='ltr'><strong>praefecit,</strong></span> <span class='ocrx_word' id='word_1_185' title='bbox 459 1987 563 2036; x_wconf 84' lang='lat' dir='ltr'><strong>uti-eos</strong></span> <span class='ocrx_word' id='word_1_186' title='bbox 579 1988 658 2036; x_wconf 88' lang='lat' dir='ltr'><strong>testis</strong></span> <span class='ocrx_word' id='word_1_187' title='bbox 673 2001 740 2036; x_wconf 91' lang='lat' dir='ltr'><strong>suae</strong></span> <span class='ocrx_word' id='word_1_188' title='bbox 750 1987 865 2052; x_wconf 88' lang='lat' dir='ltr'><strong>quisque</strong></span> 
     </span>
     <span class='ocr_line' id='line_1_28' title="bbox 51 2053 866 2122; baseline 0.001 -19"><span class='ocrx_word' id='word_1_189' title='bbox 51 2056 166 2104; x_wconf 77' lang='lat' dir='ltr'><strong>virtutis</strong></span> <span class='ocrx_word' id='word_1_190' title='bbox 186 2053 310 2106; x_wconf 87' lang='lat' dir='ltr'><strong>haberet.</strong></span> <span class='ocrx_word' id='word_1_191' title='bbox 346 2055 408 2121; x_wconf 89' lang='lat' dir='ltr'><strong>lpse</strong></span> <span class='ocrx_word' id='word_1_192' title='bbox 428 2071 445 2104; x_wconf 90' lang='lat' dir='ltr'><strong>a</strong></span> <span class='ocrx_word' id='word_1_193' title='bbox 464 2056 565 2107; x_wconf 81' lang='lat' dir='ltr'><strong>dextro</strong></span> <span class='ocrx_word' id='word_1_194' title='bbox 586 2070 686 2117; x_wconf 89' lang='lat' dir='ltr'><strong>cornu,·</strong></span> <span class='ocrx_word' id='word_1_195' title='bbox 709 2055 783 2122; x_wconf 87' lang='lat' dir='ltr'><strong>quod</strong></span> <span class='ocrx_word' id='word_1_196' title='bbox 803 2069 866 2108; x_wconf 85' lang='lat' dir='ltr'><strong>eam</strong></span> 
     </span>
     <span class='ocr_line' id='line_1_29' title="bbox 51 2123 867 2190; baseline -0.002 -16"><span class='ocrx_word' id='word_1_197' title='bbox 51 2129 164 2190; x_wconf 83' lang='lat' dir='ltr'><strong>partem</strong></span> <span class='ocrx_word' id='word_1_198' title='bbox 179 2125 293 2175; x_wconf 89' lang='lat' dir='ltr'><strong>minime</strong></span> <span class='ocrx_word' id='word_1_199' title='bbox 307 2123 553 2176; x_wconf 83' lang='lat' dir='ltr'><strong>firmamhostium</strong></span> <span class='ocrx_word' id='word_1_200' title='bbox 569 2140 628 2176; x_wconf 87' lang='lat' dir='ltr'><strong>esse</strong></span> <span class='ocrx_word' id='word_1_201' title='bbox 640 2127 761 2175; x_wconf 83' lang='lat' dir='ltr'><strong>arrimum</strong></span> <span class='ocrx_word' id='word_1_202' title='bbox 772 2124 867 2175; x_wconf 53' lang='lat' dir='ltr'><strong>advers</strong></span> 
     </span>
     <span class='ocr_line' id='line_1_30' title="bbox 51 2190 866 2261; baseline -0.004 -17"><span class='ocrx_word' id='word_1_203' title='bbox 51 2198 144 2256; x_wconf 88' lang='lat' dir='ltr'><strong>terat,</strong></span> <span class='ocrx_word' id='word_1_204' title='bbox 163 2193 302 2261; x_wconf 88' lang='lat' dir='ltr'><strong>proelium</strong></span> <span class='ocrx_word' id='word_1_205' title='bbox 318 2195 465 2246; x_wconf 79' lang='lat' dir='ltr'><strong>commisit.</strong></span> <span class='ocrx_word' id='word_1_206' title='bbox 501 2197 545 2246; x_wconf 82' lang='lat' dir='ltr'><strong>lte</strong></span> <span class='ocrx_word' id='word_1_207' title='bbox 558 2196 646 2246; x_wconf 89' lang='lat' dir='ltr'><strong>nostri</strong></span> <span class='ocrx_word' id='word_1_208' title='bbox 660 2197 765 2246; x_wconf 87' lang='lat' dir='ltr'><strong>acriter</strong></span> <span class='ocrx_word' id='word_1_209' title='bbox 780 2195 807 2243; x_wconf 89' lang='lat' dir='ltr'><strong>in</strong></span> <span class='ocrx_word' id='word_1_210' title='bbox 819 2190 866 2241; x_wconf 84' lang='lat' dir='ltr'><strong>ho·</strong></span> 
     </span>
     <span class='ocr_line' id='line_1_31' title="bbox 50 2261 867 2331; baseline -0.002 -18"><span class='ocrx_word' id='word_1_211' title='bbox 50 2269 122 2325; x_wconf 88' lang='lat' dir='ltr'><strong>stes,</strong></span> <span class='ocrx_word' id='word_1_212' title='bbox 144 2266 224 2330; x_wconf 85' lang='lat' dir='ltr'><strong>signo</strong></span> <span class='ocrx_word' id='word_1_213' title='bbox 236 2263 313 2323; x_wconf 88' lang='lat' dir='ltr'><strong>dato,</strong></span> <span class='ocrx_word' id='word_1_214' title='bbox 333 2264 468 2328; x_wconf 90' lang='lat' dir='ltr'><strong>impetum</strong></span> <span class='ocrx_word' id='word_1_215' title='bbox 478 2262 606 2316; x_wconf 82' lang='lat' dir='ltr'><strong>iecerunt</strong></span> <span class='ocrx_word' id='word_1_216' title='bbox 616 2266 710 2331; x_wconf 88' lang='lat' dir='ltr'><strong>itaque</strong></span> <span class='ocrx_word' id='word_1_217' title='bbox 720 2261 814 2313; x_wconf 87' lang='lat' dir='ltr'><strong>hostes</strong></span> <span class='ocrx_word' id='word_1_218' title='bbox 826 2275 867 2311; x_wconf 87' lang='lat' dir='ltr'><strong>re-</strong></span> 
     </span>
    </p>
   </div>
   <div class='ocr_carea' id='block_1_3' title="bbox 44 2329 870 2800">
    <p class='ocr_par' dir='ltr' id='par_1_5' title="bbox 49 2329 865 2400">
     <span class='ocr_line' id='line_1_32' title="bbox 49 2329 865 2400; baseline -0.009 -16"><span class='ocrx_word' id='word_1_219' title='bbox 49 2339 137 2400; x_wconf 89' lang='lat' dir='ltr'><strong>pente</strong></span> <span class='ocrx_word' id='word_1_220' title='bbox 153 2333 336 2399; x_wconf 86' lang='lat' dir='ltr'><strong>celeriterque</strong></span> <span class='ocrx_word' id='word_1_221' title='bbox 351 2339 563 2398; x_wconf 85' lang='lat' dir='ltr'><strong>procurrerunt,</strong></span> <span class='ocrx_word' id='word_1_222' title='bbox 585 2340 616 2384; x_wconf 91' lang='lat' dir='ltr'><strong>ut</strong></span> <span class='ocrx_word' id='word_1_223' title='bbox 631 2329 823 2398; x_wconf 84' lang='lat' dir='ltr'><strong>spatium-pila</strong></span> <span class='ocrx_word' id='word_1_224' title='bbox 838 2330 865 2378; x_wconf 85' lang='lat' dir='ltr'><strong>in</strong></span> 
     </span>
    </p>

    <p class='ocr_par' dir='ltr' id='par_1_6' title="bbox 46 2401 866 2466">
     <span class='ocr_line' id='line_1_33' title="bbox 46 2401 866 2466; baseline -0.005 -15"><span class='ocrx_word' id='word_1_225' title='bbox 46 2401 150 2454; x_wconf 84' lang='lat' dir='ltr'><strong>hostes</strong></span> <span class='ocrx_word' id='word_1_226' title='bbox 166 2401 400 2454; x_wconf 88' lang='lat' dir='ltr'><strong>coniiciendinon</strong></span> <span class='ocrx_word' id='word_1_227' title='bbox 410 2401 532 2454; x_wconf 87' lang='lat' dir='ltr'><strong>daretur.</strong></span> <span class='ocrx_word' id='word_1_228' title='bbox 568 2403 688 2453; x_wconf 82' lang='lat' dir='ltr'><strong>Retectis</strong></span> <span class='ocrx_word' id='word_1_229' title='bbox 698 2401 774 2466; x_wconf 83' lang='lat' dir='ltr'><strong>pilis,</strong></span> <span class='ocrx_word' id='word_1_230' title='bbox 794 2410 866 2448; x_wconf 88' lang='lat' dir='ltr'><strong>com·</strong></span> 
     </span>
    </p>

    <p class='ocr_par' dir='ltr' id='par_1_7' title="bbox 46 2470 870 2539">
     <span class='ocr_line' id='line_1_34' title="bbox 46 2470 870 2539; baseline -0.005 -17"><span class='ocrx_word' id='word_1_231' title='bbox 46 2474 146 2522; x_wconf 88' lang='lat' dir='ltr'><strong>minus</strong></span> <span class='ocrx_word' id='word_1_232' title='bbox 156 2471 257 2539; x_wconf 82' lang='lat' dir='ltr'><strong>gladiis</strong></span> <span class='ocrx_word' id='word_1_233' title='bbox 268 2477 420 2538; x_wconf 80' lang='lat' dir='ltr'><strong>pugnatum</strong></span> <span class='ocrx_word' id='word_1_234' title='bbox 430 2477 484 2523; x_wconf 86' lang='lat' dir='ltr'><strong>est:</strong></span> <span class='ocrx_word' id='word_1_235' title='bbox 497 2479 526 2523; x_wconf 89' lang='lat' dir='ltr'><strong>at</strong></span> <span class='ocrx_word' id='word_1_236' title='bbox 536 2471 680 2532; x_wconf 77' lang='lat' dir='ltr'><strong>Germani,</strong></span> <span class='ocrx_word' id='word_1_237' title='bbox 691 2470 820 2520; x_wconf 83' lang='lat' dir='ltr'><strong>celeriter</strong></span> <span class='ocrx_word' id='word_1_238' title='bbox 831 2479 870 2520; x_wconf 66' lang='lat' dir='ltr'><strong>es</strong></span> 
     </span>
    </p>

    <p class='ocr_par' dir='ltr' id='par_1_8' title="bbox 46 2539 864 2608">
     <span class='ocr_line' id='line_1_35' title="bbox 46 2539 864 2608; baseline -0.005 -16"><span class='ocrx_word' id='word_1_239' title='bbox 46 2541 259 2608; x_wconf 85' lang='lat' dir='ltr'><strong>consuetudine</strong></span> <span class='ocrx_word' id='word_1_240' title='bbox 269 2556 320 2592; x_wconf 85' lang='lat' dir='ltr'><strong>sua</strong></span> <span class='ocrx_word' id='word_1_241' title='bbox 329 2539 466 2608; x_wconf 76' lang='lat' dir='ltr'><strong>phalange</strong></span> <span class='ocrx_word' id='word_1_242' title='bbox 477 2541 564 2604; x_wconf 83' lang='lat' dir='ltr'><strong>facte,</strong></span> <span class='ocrx_word' id='word_1_243' title='bbox 578 2545 697 2606; x_wconf 87' lang='lat' dir='ltr'><strong>impetus</strong></span> <span class='ocrx_word' id='word_1_244' title='bbox 707 2539 864 2606; x_wconf 80' lang='lat' dir='ltr'><strong>gladiorum</strong></span> 
     </span>
    </p>

    <p class='ocr_par' dir='ltr' id='par_1_9' title="bbox 46 2609 864 2678">
     <span class='ocr_line' id='line_1_36' title="bbox 46 2609 864 2678; baseline -0.007 -16"><span class='ocrx_word' id='word_1_245' title='bbox 46 2617 234 2678; x_wconf 81' lang='lat' dir='ltr'><strong>exceperunt.</strong></span> <span class='ocrx_word' id='word_1_246' title='bbox 270 2611 383 2678; x_wconf 80' lang='lat' dir='ltr'><strong>Reperti</strong></span> <span class='ocrx_word' id='word_1_247' title='bbox 401 2616 466 2661; x_wconf 89' lang='lat' dir='ltr'><strong>sunt</strong></span> <span class='ocrx_word' id='word_1_248' title='bbox 481 2609 638 2676; x_wconf 86' lang='lat' dir='ltr'><strong>complures</strong></span> <span class='ocrx_word' id='word_1_249' title='bbox 653 2612 740 2660; x_wconf 88' lang='lat' dir='ltr'><strong>nostri</strong></span> <span class='ocrx_word' id='word_1_250' title='bbox 754 2609 864 2670; x_wconf 76' lang='lat' dir='ltr'><strong>milites,</strong></span> 
     </span>
    </p>

    <p class='ocr_par' dir='ltr' id='par_1_10' title="bbox 44 2677 866 2800">
     <span class='ocr_line' id='line_1_37' title="bbox 44 2677 866 2748; baseline -0.007 -16"><span class='ocrx_word' id='word_1_251' title='bbox 44 2682 96 2748; x_wconf 91' lang='lat' dir='ltr'><strong>qui</strong></span> <span class='ocrx_word' id='word_1_252' title='bbox 117 2683 150 2738; x_wconf 75' lang='lat' dir='ltr'><strong>in</strong></span> <span class='ocrx_word' id='word_1_253' title='bbox 165 2679 320 2748; x_wconf 79' lang='lat' dir='ltr'><strong>phalangas</strong></span> <span class='ocrx_word' id='word_1_254' title='bbox 335 2681 475 2734; x_wconf 83' lang='lat' dir='ltr'><strong>insilirent</strong></span> <span class='ocrx_word' id='word_1_255' title='bbox 489 2686 517 2731; x_wconf 88' lang='lat' dir='ltr'><strong>et</strong></span> <span class='ocrx_word' id='word_1_256' title='bbox 526 2685 605 2730; x_wconf 82' lang='lat' dir='ltr'><strong>scuta</strong></span> <span class='ocrx_word' id='word_1_257' title='bbox 615 2680 740 2730; x_wconf 86' lang='lat' dir='ltr'><strong>manibus</strong></span> <span class='ocrx_word' id='word_1_258' title='bbox 752 2677 866 2730; x_wconf 74' lang='lat' dir='ltr'><strong>revelle·</strong></span> 
     </span>
     <span class='ocr_line' id='line_1_38' title="bbox 86 2749 660 2800; baseline -0.003 0"><span class='ocrx_word' id='word_1_259' title='bbox 86 2752 249 2800; x_wconf 57' lang='lat' dir='ltr'><strong>iunctus.</strong></span> <span class='ocrx_word' id='word_1_260' title='bbox 607 2773 609 2780; x_wconf 45' lang='lat' dir='ltr'>v</span> <span class='ocrx_word' id='word_1_261' title='bbox 639 2749 660 2798; x_wconf 84' lang='lat' dir='ltr'>C</span> 
     </span>
    </p>
   </div>
   <div class='ocr_carea' id='block_1_4' title="bbox 0 0 1080 3124">
    <p class='ocr_par' dir='ltr' id='par_1_11' title="bbox 0 0 1080 3124">
     <span class='ocr_line' id='line_1_39' title="bbox 0 0 1080 3124; baseline 0 1"><span class='ocrx_word' id='word_1_262' title='bbox 0 0 1080 3124; x_wconf 95' lang='lat' dir='ltr'><strong> </strong></span> 
     </span>
    </p>
   </div>
  </div>
 </body>
</html>
