2168 3134
351 219 533 291 ¹tunice
567 219 590 272 n
660 244 664 254 ·
835 219 887 276 an

77 325 142 395 pidi
153 329 274 392 partem,
293 340 364 394 quae
375 326 557 378 munitissima
568 323 720 388 rideretur,
739 333 887 394 occupant:

77 402 216 465 tantaque
227 397 302 447 inter
313 412 361 448 eos
372 396 508 448 dissensio
530 396 649 458 exsistit,
663 402 695 446 ut
704 411 814 447 manum
825 412 888 447 con-

77 477 177 518 serere
192 471 276 532 atque
288 467 374 534 araris
390 465 522 518 dimicare
538 471 688 517 conentur:
718 472 782 532 post
792 465 887 532 paullo

78 541 187 597 tamen,
198 537 380 586 internunciis
392 535 467 588 ultro
478 538 603 602 citroque
614 536 713 598 missis,
728 550 799 602 quse
810 538 886 602 igno·

78 605 192 666 rabant,
208 603 243 656 de
254 604 286 656 L.
297 605 414 656 Domitii
426 603 494 672 fuga
505 609 683 671 cognoscunt.
721 604 819 672 ltaque
830 620 887 656 onr-

79 690 132 726 nes
145 687 199 724 uno
211 675 330 726 consilio
341 673 505 738 Domitium,
520 675 686 741 productum
699 675 727 724 in
738 674 890 740 pubiicum,-

79 745 287 796 circumsistunt
297 750 326 796 et
341 744 516 807 custodiunt,
546 743 710 812 legatosque
727 759 761 795 ex
776 759 827 794 suo
839 760 887 794 nu-

80 827 162 866 mero
178 813 214 863 ad
226 814 372 864 Caesarem
383 813 510 874 mittunt;
541 829 596 864 aete
604 823 718 881 paratos
729 828 784 865 este
791 822 887 881 portat

78 881 200 950 aperire,
220 898 339 951 quaeque
347 882 530 950 imperaverit,
537 886 643 1004 secere
654 892 682 935 ct
690 883 726 936 L.
736 879 891 935 Domitium

79 952 172 1006 sicum
179 952 209 1004 in
220 951 279 1004 aas*
283 961 447 1020 potestatem
457 963 535 1006 trani
553 970 606 1006 ere.

135 1022 210 1074 xxi.
231 1023 339 1085 Quibus
350 1022 434 1074 rebus
445 1025 579 1090 cognitis,
596 1025 708 1086 Caesar,
729 1023 780 1076 etsi
794 1021 889 1090 magni

81 1093 218 1144 interesse
229 1093 441 1156 arbitrabatur,
463 1108 544 1160 quam
555 1093 783 1160 primumoppido
795 1092 894 1159 potiri,

81 1161 268 1229 cohortesque
278 1163 314 1214 nd
324 1178 355 1214 se
370 1163 398 1212 in
410 1169 501 1214 castra
512 1163 708 1227 transducere,
728 1179 763 1214 ne
775 1177 829 1230 qua
840 1167 894 1212 aut·

82 1233 298 1300 largitionibus,
320 1237 369 1284 eut
384 1233 469 1284 animi
485 1232 713 1296 confirmatione,
744 1238 793 1283 aut
809 1231 889 1282 t'atsis

83 1303 191 1354 nunciis
201 1302 382 1362 commutatio
393 1301 475 1355 ficret
485 1304 661 1367 uoluntatis,¹
683 1302 757 1369 quod
767 1315 849 1368 saepe
860 1302 888 1352 in

84 1372 159 1440 helio
180 1373 271 1440 parvis
292 1375 441 1424 momentis
455 1375 549 1440 magni
565 1389 644 1424 casus
666 1371 888 1435 intercederent,
900 1379 910 1392 '⁴

83 1443 306 1505 tumcnreritus,
336 1459 371 1494 ne
383 1444 501 1494 militum
512 1445 631 1495 introitu
643 1449 672 1494 et
683 1443 811 1494 nocturni
820 1447 889 1493 tem·

84 1515 160 1580 poris
176 1512 289 1564 licentia
300 1513 430 1578 oppidum
444 1512 627 1579 diriperetur,
658 1527 719 1574 eos,
749 1514 795 1578 qui
806 1526 888 1563 vene·

84 1589 170 1646 rent,
192 1581 466 1650 collaudatatqueio
484 1582 616 1649 oppidum
629 1582 760 1645 dimittit,
791 1587 888 1649 portas

84 1667 232 1720 murosque
249 1653 388 1704 adservari
405 1653 491 1704 iubet.
527 1654 588 1720 lpse
604 1655 638 1703 iis
654 1652 889 1722 operibus,ffiquae

86 1722 176 1774 iecere
188 1723 362 1785 instituerat,
385 1721 490 1774 milites
505 1723 642 1790 disponit,
665 1737 721 1773 non
732 1723 815 1773 certis
826 1735 887 1786 spu-

85 1794 131 1844 tiis
141 1793 315 1855 intermissis,
326 1799 358 1843 ut
367 1798 428 1844 eret
436 1794 610 1859 superiorum
623 1792 729 1844 dierum
741 1798 888 1843 consuetu·

85 1863 134 1926 do;
145 1861 201 1914 sed
213 1865 358 1929 perpetuis
369 1863 471 1930 vigiliis
481 1863 719 1929 stationibusque,
739 1868 772 1913 ut
784 1863 889 1913 contin·

84 1937 151 2001 gant
171 1933 248 1993 inter
268 1947 298 1982 se
314 1939 398 1999 atque
413 1947 522 1984 omnem
543 1933 727 1986 munitionem
743 1931 887 1999 expleantr

86 2003 211 2054 tribunos
230 2001 352 2052 militum
369 2007 397 2053 et
417 2003 574 2070 praefectos
594 2004 788 2054 circummittit
802 2008 888 2069 atquc

86 2070 241 2134 hortatur,
260 2087 315 2122 non
325 2071 417 2122 solum
428 2073 462 2123 ub
474 2073 665 2138 eruptionibus
676 2077 806 2134 caveant,
837 2073 886 2125 sed

85 2143 168 2194 etiam
188 2141 363 2208 singulorum
386 2139 528 2192 hominum
545 2141 671 2194 occultos
687 2142 777 2191 exitus
789 2141 888 2210 ¹adsor-

86 2217 170 2262 vent..
194 2210 292 2278 Neque
308 2227 374 2262 rero
389 2217 446 2261 tam
461 2213 579 2263 remisso
594 2226 634 2262 ac
647 2209 780 2276 languido
793 2212 886 2262 animo

86 2283 227 2348 quisquam
244 2282 367 2332 omnium
385 2279 452 2342 suit,
484 2282 530 2348 qui
545 2285 674 2332 eunocte
685 2281 886 2346 conquieverit:

86 2356 164 2402 tante
183 2355 245 2402 erat
265 2365 372 2402 summa
393 2365 487 2401 rerum
510 2350 693 2415 exspectatio,
724 2351 756 2398 ut
772 2348 844 2402 nlius
858 2349 888 2402 in

86 2421 287 2486 nliompertem
306 2424 500 2486 mente—atque
515 2420 608 2470 animo
624 2415 798 2484 traheretur,
819 2419 886 2487 quid

86 2491 152 2558 ipsis
168 2490 410 2553 Corfiniensibus,
427 2488 493 2556 quid
508 2488 646 2550 Domitio,
674 2487 886 2554 quid‘laentulo,

86 2559 152 2629 qnid
166 2559 283 2627 reliquis
299 2559 452 2623 accideret,
481 2560 529 2628 qui
541 2572 665 2626 quosque
684 2564 801 2612 eventus
814 2558 889 2612 *exci-

88 2634 206 2702 perent..
815 2643 817 2648 ·

138 2697 227 2750 Xth.
237 2733 239 2737 -
249 2697 358 2760 Quane
372 2699 483 2751 circiter
498 2665 596 2767 vigilie
605 2675 744 2750 Lentulus
755 2693 903 2766 Spinther'

88 2768 215 2890 delnmrp
221 2782 287 2888 'edm'
303 2767 405 2836 vigiliis
416 2769 631 2838 custodibusque
645 2771 749 2822 nostris
759 2765 890 2837 colloqui·

136 2852 182 2890 ιιι..
216 2853 232 2889 ι
253 2851 277 2890 s.
