2168 3134
367 187 519 248 LIBER
546 197 614 251 vll
840 195 891 252 173

86 297 193 353 crebris
204 299 312 351 nunciis
323 299 441 363 incitati,
457 301 589 366 oppidum
599 302 634 352 ab
645 302 777 352 Romanis
791 307 890 368 teneri,

84 369 248 439 praemissis
264 369 409 436 equitibus,
428 385 530 436 magno
546 384 681 422 concursu
696 385 731 422 eo
741 375 890 425 contende-

81 445 160 492 runt.
206 439 309 490 Eorum
322 437 477 506 utquisque
489 441 727 504 primusrenerat,
748 442 798 492 sub
810 459 890 494 muro
962 457 968 470 ¹

82 509 258 560 consistebat
276 522 446 576 suorumque
459 511 639 576 pugnantium
651 525 796 561 numerum
807 527 891 580 auge·

82 581 140 630 bat.
178 579 301 640 Quorum
322 593 405 644 quum
426 593 528 644 magna
546 578 696 630 multitudo
707 584 891 644 convenisset,

82 653 190 700 matres
206 646 341 709 familiae,
362 663 431 713 quae
443 647 536 713 paullo
547 651 612 698 ante
624 649 755 699 Romanis
767 650 800 702 dc
811 665 890 702 muro

83 733 186 768 manus
206 715 375 779 tendebant,
394 731 461 767 suos
481 717 621 767 obtestari
642 725 672 769 et
692 733 769 770 more
781 719 890 772 Gallico

84 802 199 854 passum
209 786 340 853 capillum
351 790 494 836 ostentare
504 785 663 855 liberosque
674 789 702 837 in
711 796 891 858 conspectum

83 856 214 924 proferre
226 858 386 922 coeperunt.
415 857 484 906 Erat
495 855 625 906 Romanis
636 873 688 908 nec
699 858 768 919 loco,
779 875 831 910 nec
841 876 891 910 nu-

84 939 178 988 mero,
198 940 288 991 aequa
307 926 463 976 contentio:
485 925 576 987 simul,
598 933 628 978 et
647 943 730 978 cursu
749 933 779 979 et
798 931 890 996 spatio

84 1011 197 1065 pugnae
218 993 382 1061 defatigati,
401 1008 458 1044 nou
476 993 560 1046 facile
581 1000 710 1048 recentes
721 1003 807 1065 atque
818 1001 889 1050 inte·

84 1082 154 1134 gros
165 1064 350 1115 sustinebant.

138 1133 236 1185 XLlX.
264 1134 379 1196 Cacsar,
398 1149 481 1202 quum
500 1135 594 1202 iniquo
608 1136 671 1188 loco
686 1138 820 1205 pugnari,
840 1136 889 1190 llo·

84 1207 227 1272 stiumquc
247 1205 345 1271 augeri
364 1206 459 1271 copias
475 1205 592 1266 rideret,
613 1216 807 1271 praemetuens
822 1208 889 1269 suis,

85 1276 122 1326 ad
132 1276 164 1325 Τ.
176 1274 300 1325 Sextium
312 1272 446 1341 legatum,
458 1290 537 1339 quem
549 1275 890 1341 minoribuscastrisprae-

84 1345 157 1396 sirlio
173 1343 335 1410 reliqueret,
355 1345 451 1404 mittit,
472 1350 503 1394 ut
513 1342 647 1395 cohortes
663 1359 697 1394 ex
708 1345 808 1394 castris
818 1345 890 1395 celc-

84 1417 157 1467 riter
177 1413 306 1464 educeret
326 1419 355 1463 et
364 1414 415 1462 sub
435 1413 530 1462 inlimo
551 1413 621 1464 colle
642 1412 889 1465 ebdextrolaters

84 1484 207 1536 hostium
227 1484 423 1533 constitueret:
443 1488 482 1543 ut,
503 1483 527 1530 si
548 1489 659 1533 nostros
678 1483 739 1533 loco
759 1481 890 1548 depulsos

83 1554 212 1615 ridisset,
232 1567 286 1619 quo
296 1553 387 1603 minus
397 1551 486 1602 libere
495 1549 591 1602 hostes
599 1553 824 1618 insequerentur,
834 1556 889 1603 ter·

84 1628 170 1676 reret.
191 1624 252 1689 lpse
264 1620 387 1689 paullum
399 1635 433 1672 ex
445 1636 478 1671 eo
491 1620 552 1671 loco
564 1637 625 1672 cum
636 1622 748 1689 legione
758 1635 889 1689 progres-

84 1710 144 1756 sus,
165 1692 213 1743 ubi
223 1692 400 1751 constiterat,
421 1695 550 1741 eventum
561 1705 672 1758 pugnae
684 1693 871 1757 exspectabat.

137 1761 170 1814 L.
189 1762 280 1826 Quum
290 1761 426 1811 acerrime
439 1761 592 1811 comminus
603 1766 781 1828 pugnaretur,
792 1760 888 1814 hostes

83 1834 148 1884 loco
159 1837 187 1882 et
197 1845 325 1890 numero,
354 1831 444 1880 nostri
457 1832 561 1880 virtute
578 1831 763 1882 confiderent:
792 1831 886 1882 subito

84 1900 325 1961 canticinium,
348 1899 382 1950 ab
394 1899 483 1950 latere
494 1900 599 1951 nostris
611 1907 721 1968 aperto,
739 1915 807 1967 quos
819 1902 887 1952 Cuc-

85 1987 132 2022 sar
144 1971 178 2021 ab
189 1971 289 2021 dextra
298 1975 379 2036 parte
394 1969 451 2019 alio
468 1969 617 2032 adscensu,
646 1985 742 2022 manus
754 1971 886 2022 distinen-

84 2040 137 2092 ‹lae
149 2054 261 2101 caussa,
284 2039 408 2089 miserat.
445 2039 483 2088 lli
498 2039 679 2091 similitudine
691 2055 830 2091 armorum
840 2055 886 2090 ra·

85 2109 232 2161 hementer
242 2113 351 2159 nostros
362 2114 587 2174 perterruerunt:
605 2124 645 2172 ec,
655 2111 768 2160 tametsi
779 2110 885 2160 dextris

85 2178 211 2232 humeris
223 2178 342 2229 exsertis
353 2177 657 2240 animadverterentur,
690 2178 763 2245 quod
774 2179 885 2244 insigne

84 2251 192 2316 pacatis
205 2262 267 2298 esse
278 2253 441 2309 consuerat,
469 2252 563 2296 tamen
574 2246 602 2296 id
613 2248 703 2313 ipsum
716 2249 759 2296 sui
769 2247 887 2297 fallendi

86 2334 185 2370 caussa
196 2317 300 2368 milltes
310 2316 344 2366 ab
355 2315 483 2366 hostibus
494 2315 597 2366 lactum
610 2317 816 2368 existimabant.
833 2317 885 2366 llo·
967 2323 969 2328 '

86 2385 149 2438 dem
161 2393 284 2452 tempore
296 2385 328 2436 L.
339 2385 441 2438 Fabius
453 2385 589 2446 centurio,
599 2387 698 2451 quique
709 2399 766 2436 una
776 2399 886 2434 murum

85 2455 304 2518 adscenderant‚
322 2453 504 2506 circumventi
514 2459 598 2519 atque
608 2454 752 2504 interfecti
762 2454 796 2504 de
807 2467 887 2504 muro

85 2527 317 2593 praecipitantur.
340 2523 378 2575 Μ.
392 2523 535 2584 Petreius,
555 2522 679 2574 eiusdem
691 2523 812 2590 legionis
824 2539 887 2573 cerr-

84 2597 170 2657 turio,
189 2611 273 2664 quum
283 2600 380 2662 portas
393 2592 522 2644 excidere
533 2599 649 2644 conatus
661 2601 751 2656 esset,
770 2607 787 2644 a
798 2593 888 2643 multi·

84 2665 183 2716 tudine
195 2679 345 2734 oppressus
357 2677 389 2714 ae
400 2663 453 2714 sibi
464 2661 628 2728 desperans,
656 2663 752 2714 multis
762 2663 818 2713 iam
828 2663 889 2713 rul-

85 2735 200 2788 neribus
212 2734 349 2800 acceptis,
372 2732 592 2799 manipularibus
603 2734 675 2796 suis,
699 2734 746 2801 qui
756 2733 833 2784 illum
844 2747 893 2783 rs·
