2134 3148
202 211 260 264 DE
279 209 420 263 BELLO
440 209 727 264 lllSPANlENSl.
786 247 792 254 -
818 213 871 278 m

66 315 106 369 35.
117 315 156 369 36.
169 314 288 384 Hitpali.
323 313 366 366 37.
378 312 506 366 Carteiae
516 312 645 368 reditione
656 313 871 378 ertu‚'Caeearit

66 404 142 442 auree
153 386 274 439 incendit
284 383 393 436 Didiae.
419 383 462 436 38.
474 383 517 436 39.
530 384 646 436 sanictos
656 384 798 452 Pompeius
805 403 871 453 pra·

61 453 511 592 l“³'²''t0⁶“nllttnittttt'
526 453 873 578 tutelerunt:

66 544 158 719 oblita‘lbn
168 562 298 647 rieurrit.
331 592 447 662 Capitur
457 561 561 648 Munda
572 604 599 648 et
610 593 706 648 Ursae.
723 595 767 648 42.
784 593 872 648 Verte

90 682 166 720 aeter
172 664 251 737 facit
261 664 299 717 ad
307 663 487 734 Hispalenter.

365 786 573 802 m

99 884 119 935 l.
134 846 295 936 pharnace
312 888 454 951 superato,
478 881 570 932 Airita
591 888 712 950 recepta,
733 883 779 952 qui
792 896 827 933 ex
838 881 874 935 iia

66 952 181 1022 proeliis
196 969 257 1005 cunr
274 953 453 1006 adolescente
464 953 512 1003 Cn.
524 953 656 1018 Pompeio
673 952 875 1020 profugissent,

67 1038 149 1090 quant
160 1028 188 1074 et
198 1024 340 1076 ulterioris
351 1024 504 1090 Hispaniae
517 1025 621 1090 potitus
633 1028 714 1086 esset,
729 1023 796 1074 (lunt
809 1024 874 1074 Cae·

66 1107 112 1144 sar
123 1096 282 1146 muneribus
293 1094 392 1146 dandis
404 1095 432 1144 in
444 1092 525 1143 ltalia
536 1093 685 1154 detinetur,
697 1108 752 1161 quo
763 1092 877 1144 facilius

68 1163 205 1231 praesidia
215 1170 312 1216 contra
322 1169 497 1230 compararet
507 1163 665 1230 Pompeius,
680 1165 709 1214 in
721 1163 804 1215 tidem
816 1163 875 1212 uni-¹

66 1236 233 1302 useuiosque
255 1236 375 1286 civitatis
395 1233 547 1301 confugere
569 1234 671 1300 coepit.
707 1234 750 1284 lta
770 1233 874 1300 partim

66 1305 203 1372 precibus,
223 1305 325 1371 partim
341 1305 378 1367 vi,
398 1305 469 1355 bene
485 1319 587 1370 magna
607 1309 767 1370 eonrparata
781 1317 875 1364 manu,

66 1375 235 1443 provinciam
255 1380 376 1426 vastare.
411 1374 518 1437 Quibus
535 1375 564 1423 in
581 1374 663 1425 robus
676 1373 825 1424 nonnullae
838 1375 876 1424 ei·

65 1447 167 1496 vitatos
178 1459 229 1495 sua
239 1450 337 1510 sponte
349 1444 456 1495 auxilia
466 1445 626 1510 mittebant,
645 1445 713 1495 item
725 1442 875 1495 nonnullae

67 1520 164 1584 portae
186 1519 285 1566 eontra
304 1513 462 1566 eludebant.
498 1513 542 1565 Ex
557 1514 656 1581 quibus
667 1515 690 1564 si
708 1527 762 1581 qua
774 1513 876 1580 oppida

66 1587 92 1635 ri
105 1591 226 1651 ceperat,
237 1599 322 1652 quum
333 1585 434 1652 aliquis
446 1597 480 1635 ex
491 1599 525 1634 ea
536 1585 651 1634 'eiritate
664 1585 769 1650 optime
780 1583 814 1636 de
824 1584 874 1634 Ca.

66 1655 200 1720 Pompeio
213 1655 329 1706 meritus
340 1655 407 1706 ciris
427 1659 512 1717 esset,
531 1657 655 1720 propter
668 1655 803 1720 pecuniae
818 1671 875 1706 ma·

65 1725 241 1794 gniturlinenr
262 1724 356 1793 aliqua
371 1725 396 1776 ei
411 1722 585 1776 inferebatur
606 1739 713 1788 caussa,
734 1730 774 1788 ut,
794 1725 828 1778 eo
840 1725 875 1778 de

66 1795 159 1846 medio
170 1795 289 1858 sublato,
306 1811 341 1847 ex
353 1796 413 1846 eius
425 1795 544 1862 pecunia
555 1795 695 1847 latronum
706 1795 817 1864 largitio
828 1795 875 1848 lie·

65 1871 119 1916 ret.
149 1866 191 1916 lta
203 1867 295 1932 paucis
307 1865 459 1917 conrnrodis
471 1863 551 1917 hoste
563 1863 684 1928 hortata,
696 1865 877 1918 maiores‘auss

64 1935 204 2002 gebantur
216 1937 322 2001 copiae.
357 1937 400 1988 ob
422 1933 475 1985 hoe
491 1937 595 1988 enebris
607 1937 715 1987 nunciis
725 1938 753 1986 in
766 1937 875 1989 ltaliam

64 2005 175 2124 ιηίεείῗ,
195 2009 322 2058 civitatee
333 2007 490 2057 contrariae
500 2006 632 2076 Pompeio
647 2007 752 2058 auxillo
763 2007 816 2058 eibi
827 2007 875 2057 ‹lo-

84 2081 147 2126 ostu
163 2076 255 2126 abant.

65 2091 82 2144 p
121 2145 156 2195 11.
176 2146 205 2195 C.
218 2145 323 2195 Caesar
333 2144 453 2196 dictator
463 2145 517 2207 lll,
538 2145 699 2212 designatus
710 2146 757 2210 IV,
780 2145 877 2197 multis

64 2215 214 2267 itineribus
226 2221 292 2265 ante
303 2213 445 2277 confectiS,
457 2230 541 2282 quum
553 2215 636 2266 celeri
649 2215 831 2278 testinatione
840 2215 876 2268 ari

65 2285 173 2337 bellum
190 2285 390 2336 conficiendum
409 2287 438 2334 in
450 2287 616 2351 Hispaniam
634 2287 769 2349 venisset,
790 2286 877 2353 legati

66 2355 271 2416 Cordubenses,
283 2355 328 2421 qui
339 2369 355 2404 a
366 2355 413 2405 Cn.
426 2354 558 2420 Pompeio
570 2354 766 2419 discesserant,
779 2357 877 2406 Caesa-

64 2427 89 2478 ri
106 2426 215 2476 obviam
232 2425 360 2475 veniunt:
379 2425 509 2492 aquibus
530 2425 726 2488 nunciabatur,
745 2435 876 2478 nocturne
920 2427 922 2432 '

66 2503 186 2563 tempore
198 2494 323 2562 oppidum
339 2491 490 2546 Cordubam
501 2494 563 2560 capi
577 2510 663 2560 passe,
683 2496 754 2560 qaod
763 2513 811 2548 nee
822 2495 878 2564 api·

65 2566 196 2618 nantibus
208 2566 371 2618 aduersariis
382 2563 438 2615 einr
456 2564 614 2634 provintiae
651 2565 736 2617 utitur
748 2573 825 2628 erret,
843 2564 879 2616 ei·

66 2638 175 2703 erratque
187 2634 326 2702 tabellarii
337 2634 412 2705 eapti
423 2643 516 2698 errent,
538 2633 611 2704 qrria
626 2581 674 2688 gn.
686 2634 815 2704 Pompeia
826 2635 879 2686 dit-

65 2706 154 2776 poeitt'
164 2705 285 2758 erunibus
295 2707 359 2758 loeis
371 2715 466 2769 errent,
487 2721 538 2772 qao
548 2704 690 2758 certiorem
705 2703 752 2758 Cn.
764 2705 878 2775 Pompe·

66 2777 124 2829 ium
141 2777 172 2830 cle
182 2775 311 2830 Caesarie
326 2777 442 2830 adventu
453 2777 590 2850 facerent.
611 2777 877 2845 Multa-praeterea

817 3020 912 3064 A
