2134 3148
177 163 230 218 1134
363 167 396 216 A.
415 162 556 215 Hrlr'rrl
575 161 630 214 DE
652 162 796 215 B'ELLO

177 271 255 332 Iuba,
268 283 351 336 quum
363 269 417 319 iam
430 284 484 319 non
497 268 580 335 longe
591 269 624 319 ab
632 265 759 334 Scipione
769 272 852 334 atque
864 267 997 319 eiusdu-'

178 341 254 390 cilius
267 341 384 401 abesset,
405 339 478 402 capit
489 337 642 399 consilium,
664 340 833 398 satius'esse‚
854 338 907 387 sibi
918 353 984 386 suo·

179 425 231 479 que
243 424 330 475 regno
341 407 464 458 subsidio
476 409 516 458 ire
523 444 531 469 ,
557 422 651 474 quam,
677 407 743 457 dum
753 407 823 457 alios
835 405 984 457 adiuturus

178 477 416 546 proficisceretur,
448 478 506 543 ipsc
521 492 571 527 suo
584 491 669 543 regno
683 477 815 542 expulsus
821 513 828 538 ‚
861 475 983 526 forsitan

177 557 302 615 utraque
313 563 343 598 rc
360 546 553 611 expelleretur.
589 547 685 614 ltaque
706 562 802 596 rursus
814 549 983 612 sorecipere
1059 553 1060 610 ζ

178 625 262 684 atque
274 617 379 666 auxilia
390 617 474 667 etiam
487 617 519 667 ab
527 615 656 681 Scipione
667 617 855 679 abduxit,.sibi
867 617 983 683 suisque

177 690 263 740 rebus
277 689 391 748 timens,
424 685 630 753 elephantisque
644 686 760 752 triginta
776 685 893 748 relictis,
923 686 983 734 suis

179 759 280 808 linibus
293 756 457 823 oppidisque
469 757 613 824 suppetias
622 756 764 821 profectus
778 760 828 806 est
975 821 977 824 Ι

231 825 332 876 XXVl.
351 827 453 876 Caesar
463 826 584 887 interim,
600 840 684 891 quuor
697 823 730 875 de
742 840 792 874 suo
803 824 985 875 adventuum
1059 859 1060 892 ἐ

179 897 279 946 bitatio
292 896 318 944 in
331 895 471 959 provincia
482 899 567 955 esset,
588 909 678 962 neque
690 895 834 961 quisquam
845 893 986 952 erederet,
1059 899 1060 948 l

179 967 282 1030 ipsum,
313 963 363 1013 scd
378 965 498 1030 aliquem
513 964 635 1030 legatum
647 965 707 1013 cum
720 965 804 1029 copiis
816 966 843 1013 in
855 961 985 1014 Africam

179 1033 301 1093 venisse,
322 1033 484 1100 conscriptis
497 1033 599 1083 litteris
611 1036 710 1084 circum
723 1034 905 1100 provinciam,
926 1047 998 1082 om·-
1059 1041 1060 1098 ξ

182 1119 230 1153 nes
242 1103 366 1152 civitates
378 1099 445 1152 facit
455 1102 489 1152 de
501 1117 551 1152 suo
563 1103 683 1153 adventu
695 1104 838 1153 certiores.
865 1103 983 1152 Interim

181 1171 291 1224 nobiles
300 1171 426 1222 honrines
437 1185 472 1222 ex
483 1173 538 1222 suis
551 1172 658 1238 oppidis
668 1172 819 1239 profugere
826 1173 986 1222 etincastra

183 1243 310 1292 Caesaris
327 1241 460 1292 devenire
477 1241 549 1292 etde
561 1241 784 1292 adversariorum
797 1243 855 1292 eius
866 1241 986 1292 crudeli·

181 1318 240 1362 tate
258 1312 466 1377 acerbitateque
480 1326 700 1361 commemorare
713 1318 872 1376 coeperunt.
909 1311 986 1372 Quo>-

181 1397 242 1432 rum
259 1381 378 1430 lacrimis
393 1379 568 1446 querelisque
585 1381 687 1437 Caesar
697 1387 869 1443 consumtus,
896 1395 984 1446 quum

181 1451 474 1502 anteaconstitisset'm
481 1446 590 1501 stativis
597 1451 704 1511 castris,
714 1456 821 1501 aestate
828 1452 908 1512 inita,
918 1465 988 1499 cun-

181 1521 234 1571 ctis
245 1522 331 1586 copiis
343 1521 507 1586 auxiliisque
520 1520 602 1581 actis,
627 1519 730 1583 bellum
743 1536 804 1570 cum
817 1520 986 1571 adversariis
1059 1513 1060 1522 ’

182 1592 240 1640 suis
252 1605 351 1656 gerere
363 1591 493 1652 instituit,
514 1587 669 1655 litterisque
682 1589 810 1641 celeriter
820 1591 849 1638 in
861 1587 988 1640 Siciliam

181 1659 217 1709 ad
231 1659 367 1710 Allienum
384 1665 414 1708 et
431 1659 572 1708 Rabirium
587 1658 751 1708 Postumum
772 1659 934 1725 conscriptis
955 1664 990 1708 ct

180 1743 230 1794 per
243 1734 422 1794 catascopum
434 1729 536 1788 missis,
553 1735 585 1776 at
594 1726 650 1778 siae
661 1744 736 1779 mora
748 1737 797 1779 aret
808 1730 863 1779 aila
873 1743 987 1779 excasa-

181 1798 253 1848 tione
268 1795 360 1846 liiemir
377 1805 578 1863 certorumque,
607 1813 685 1864 quom
700 1798 837 1849 celerrime
848 1796 989 1848 exercitus

180 1865 235 1917 silli?
244 1874 495 1932 transportaretur:
512 1864 536 1914 Α
533 1865 636 1936 filicem
644 1867 811 1932 provinciam
819 1866 911 1934 perire
916 1868 989 1936 frea·

139 1986 142 1992 ,
181 1935 304 2002 diciteque
318 1934 402 1986 everti
413 1934 446 1985 ab
456 1933 511 1985 suis
522 1933 652 1986 inimicis.-
668 1937 801 2000 quodnisi
810 1936 935 1988 celeriter
945 1953 988 1987 so-

180 2003 314 2086 ciisforet
325 1998 501 2066 subventana·
520 2013 631 2069 praeter
645 2004 734 2072 ipsum
743 2005 869 2078 Africam
881 2015 989 2057 terram

180 2073 258 2136 uilici,
276 2091 313 2126 ae
320 2083 421 2125 tectura
430 2073 541 2141 quidem,
557 2090 646 2141 quase
656 2075 812 2142 reciperent,
829 2075 862 2128 ab
873 2076 988 2127 illorum

180 2147 279 2197 scelere
294 2143 451 2210 insidiisque
468 2143 600 2212 reliquum
609 2146 748 2217 fictarum.
784 2147 872 2212 Atque
883 2146 944 2211 ipse
955 2148 989 2196 in

180 2220 262 2266 talita
272 2221 333 2265 erat
344 2214 524 2265 festinatione
537 2219 565 2264 et
576 2217 801 2282 exspectatione,
825 2221 857 2264 ut
868 2221 988 2280 postero

181 2285 240 2347 die,
260 2299 339 2351 quam
353 2285 476 2334 misisset
488 2283 602 2334 litteras
611 2286 799 2352 nunciumque
808 2285 835 2333 in
848 2283 989 2347 Siciliam,

181 2355 299 2404 classem
312 2355 522 2420 exercitumque
538 2356 642 2404 morari
658 2354 774 2417 diceret,
803 2353 863 2405 dies
875 2361 991 2405 noctes-

183 2423 347 2489 queocules·
361 2429 534 2490 mentemque
552 2423 589 2472 ad'
597 2423 837 2489 marevdispositcs
849 2423 989 2474 directos-

182 2507 239 2556 que
257 2491 381 2543 habe-ret.
417 2491 478 2542 Nec
496 2493 612 2542 mirum:
638 2493 877 2544 animaduertebat
898 2493 992 2557 enlm,

180 2558 263 2610 villas
276 2562 369 2620 exuri,
393 2576 476 2626 agros
489 2562 609 2623 vastari,
626 2577 716 2628 pecus:
724 2561 825 2630 diripi,
840 2561 993 2626 trucidari,

181 2627 285 2690 oppidu:
294 2629 464 2694 «assertaque
475 2630 547 2678 dirui
559 2630 722 2697 deserique,
738 2633 878 2698 principes
890 2633 992 2683 cirita·

179 2697 240 2742 tuin
251 2701 300 2744 ant
310 2697 445 2758 interfici„
470 2705 520 2748 aut
532 2699 560 2747 in
569 2701 680 2750 eatenis:
688 2703 799 2768 teneri,
819 2702 925 2754 liberos
938 2716 991 2753 eon
