2168 3134
357 114 505 168 bruun
539 115 609 170 vlt.
840 114 883 168 191

37 227 40 236 “
77 219 212 290 oppinum
233 217 380 272 considunt
398 224 428 270 et
438 221 591 284 proximam
602 217 705 272 tomam
716 217 838 270 cratibus
848 219 888 268 in·

76 297 184 360 tegunt
203 295 287 356 atque
308 303 410 356 aggere
430 289 552 356 explent,
571 289 703 358 nequead
714 288 886 354 eruptionem

78 364 546 430 atqueomnescasuscnmparant.
779 359 781 364 ’

134 428 249 482 Lxxx.
278 428 389 488 Caesar,
409 429 483 478 enini
494 427 616 482 exercitu
628 427 664 479 ad
673 432 819 492 utramque
829 440 889 491 par-

78 505 141 551 tem
153 500 338 548 munitionum
349 497 495 561 disposito,
513 502 558 560 ut,
576 499 599 547 si
610 511 676 548 usus
685 497 791 558 veniat,
809 509 888 546 suum

80 569 204 636 quisque
225 567 315 618 locum
335 571 431 616 teneat
451 573 479 617 et
497 567 621 628 noverit,
640 567 792 632 equitatum
803 579 838 614 ex
848 579 890 614 ca·

80 641 151 688 stris
168 636 252 687 'educi
274 642 302 686 et
323 635 460 702 proelium
480 637 615 688 committi
635 636 722 686 iubet·
768 633 836 684 Erat
855 647 890 684 ex

82 707 214 757 omnibus
226 706 333 766 eastris,
348 719 419 772 quae
429 719 565 756 summum
576 704 698 773 undique
709 705 805 771 iugum
812 709 890 754 tene·

82 777 166 838 bant,
184 775 343 841 despectus3
362 779 446 840 atque
458 775 579 824 oninium
590 774 709 824 miiitum
721 773 821 823 intenti
832 772 890 822 a'ni·

83 847 124 896 mi
136 859 247 912 pugnae
256 849 418 911 proventum
431 844 637 910 exspectabant.
653 843 726 894 Galli
737 841 892 907 interequi-

83 921 131 966 tes
153 928 232 965 raros
252 913 412 980 sagittarios
432 911 721 980 expeditosquejeris
731 917 891 962 armaturae

85 985 296 1043 interiecerant,
315 981 360 1047 qui
380 981 439 1030 suis
458 981 618 1034 cedentibus
633 982 736 1034 auxilio
750 995 892 1032 succurre·

87 1059 154 1106 rent
165 1059 193 1103 et
204 1059 361 1103 nostrorum
374 1052 496 1116 equitum
509 1053 628 1118 impetus
639 1053 816 1103 sustinerent
851 1050 894 1102 Ab

85 1121 132 1174 his
154 1121 313 1188 complures
333 1118 367 1171 de
386 1121 535 1186 improviso
547 1121 686 1172 vulnerati
697 1121 803 1187 proelio
815 1135 893 1171 exee-

86 1192 201 1243 ‹iebant
222 1192 313 1253 Quum
324 1204 389 1240 suos
400 1203 494 1256 pugna
503 1192 661 1256 superiores
672 1207 734 1242 esse
746 1190 821 1241 Galli
831 1204 893 1240 con-

86 1260 209 1312 fiderent
228 1267 257 1312 et
276 1265 385 1310 nostros
406 1259 584 1310 multitudine
600 1261 689 1326 premi
700 1261 838 1310 viderent:
858 1272 894 1310 ex

87 1329 217 1380 omnibus
228 1329 352 1395 partibus
363 1333 392 1380 et
402 1329 432 1389 ii,
448 1329 494 1395 qui
505 1329 706 1380 munitionibus
716 1327 894 1380 contineban-

88 1407 150 1461 tur,
169 1404 197 1448 ct
211 1399 244 1461 ii,
264 1399 309 1465 qui
321 1396 356 1447 ad
368 1396 502 1447 auxilium
514 1404 715 1458 conuenerant,
733 1398 854 1448 clamore
866 1402 894 1448 et

88 1467 200 1520 ululatu
211 1474 324 1518 suorum
336 1467 444 1517 animos
455 1467 663 1518 confirmabant.
701 1466 780 1530 Quod
793 1467 819 1514 in
831 1482 894 1516 con·

88 1543 187 1607 speetu
202 1537 325 1594 omnium
337 1551 382 1586 res
392 1535 556 1602 gerebatur,
579 1551 669 1603 neque
679 1542 753 1588 recte
764 1537 797 1586 ae
807 1537 894 1601 turpi·

88 1609 135 1660 ter
150 1605 253 1657 iactum
269 1605 353 1657 celari
373 1610 495 1670 poterat:
514 1610 647 1672 utrosque
666 1612 695 1657 et
714 1604 804 1656 laudis
820 1607 894 1671 cupi·

89 1677 163 1728 ditus
183 1683 210 1727 et
229 1677 314 1726 timor
334 1675 505 1741 ignominiae
524 1674 559 1739 etl
578 1677 710 1726 virtutem
724 1675 895 1726 excitabunt.

90 1749 181 1810 Quum
196 1761 214 1796 a
227 1744 342 1796 meridie
357 1757 443 1810 prope
454 1743 488 1793 ad
500 1743 566 1795 solis
577 1760 704 1796 occasum
716 1745 799 1796 dubia
809 1746 893 1796 vieto·

90 1818 133 1867 ria
147 1821 331 1884 pugnaretur,
350 1811 482 1864 Germani
499 1831 555 1864 una
564 1815 592 1864 in
604 1820 682 1882 parte
693 1815 827 1866 confertis
837 1822 894 1866 tur·

90 1888 142 1937 mis
163 1887 192 1935 in
212 1883 308 1934 bostcs
328 1883 460 1948 impetum
479 1882 621 1948 fecerunt,
643 1900 746 1953 eosque
766 1885 894 1953 propule-

89 1960 168 2007 runt:
188 1953 287 2021 quibus
306 1951 335 2001 in
356 1949 450 2018 fugam
470 1955 617 2018 coniectis,
636 1955 771 2022 sagittarii
782 1956 895 2006 circum·

90 2025 166 2076 renti
186 2020 382 2088 interfectique
402 2027 474 2072 sunt.
509 2023 579 2076 item
599 2037 634 2074 ex
649 2025 760 2092 reliquis
770 2025 894 2090 partibus

92 2095 188 2155 riustri,
207 2091 337 2142 cedentes
356 2105 443 2157 usque
463 2091 497 2142 ad
514 2099 605 2144 castra
615 2093 745 2155 insecuti,
764 2095 805 2143 nui
818 2093 894 2143 colli·

19 2171 20 2174 ’
91 2161 173 2230 gendi
179 2161 345 2212 facultatem
356 2175 411 2210 non
423 2159 566 2211 dederunt.
601 2162 637 2212 At
647 2163 681 2225 ii,
700 2164 747 2230 qui
758 2162 791 2213 ab
802 2161 895 2212 Alesia

92 2234 299 2300 processerant,
320 2229 432 2289 moesti,
456 2237 541 2296 prope
555 2233 671 2281 victoria
682 2231 845 2298 desperata,
864 2244 894 2281 se

90 2303 119 2354 in
131 2300 260 2366 oppidum
272 2303 447 2365 receperunt.

31 2381 34 2390 ·
145 2367 270 2420 LXXXi.
290 2367 349 2417 Uno
370 2366 415 2418 uie
433 2367 608 2428 intermisso,
628 2367 716 2430 Galli,
737 2374 821 2435 atque
842 2362 894 2418 hoc

92 2440 180 2507 spatio
202 2451 301 2504 niagno
322 2439 447 2498 cratium,
472 2436 620 2499 scalarum,
641 2434 827 2505 harpagonum
845 2453 893 2486 nu·

92 2523 166 2560 mero
178 2507 288 2570 effecto,
304 2505 396 2557 media
407 2511 486 2556 nocte
498 2505 610 2558 silentio
622 2521 655 2558 ex
666 2507 764 2558 castris
776 2507 893 2574 egressi,

92 2577 125 2630 ad
142 2583 309 2644 cornpestres
325 2576 493 2626 munitiones
503 2576 647 2628 accedunt.
684 2575 780 2630 Subito
792 2576 892 2627 clamo·

94 2665 122 2700 re.
137 2647 258 2708 sublato,
277 2660 332 2714 qua
348 2646 559 2711 significatione,
577 2647 659 2713 quiin
672 2647 772 2715 oppido
784 2645 880 2697 obside·
