2134 3148
162 141 221 240 'ara
353 173 384 226 a
405 170 548 225 oraru
565 171 625 224 nn
645 169 786 225 senno

169 303 176 343 ,¹
218 275 276 328 XC.
294 275 413 328 Postero
423 275 473 332 ,die
489 277 609 326 manain
621 269 754 342 oppidum
770 275 894 338 introiit3
912 248 980 326 con-

167 347 303 414 cioncque
330 346 480 410 advocata,
506 346 649 397 Uticenses
674 346 780 397 incolas
806 344 980 408 cohortatus,

166 420 275 486 gratias
295 432 346 482 pro
360 431 455 468 eorum
472 431 539 483 erga
554 431 585 466 sc
600 415 693 467 studio
704 417 778 483 agit3
797 418 870 468 cives
882 421 978 466 autem

166 487 308 538 Romanos
319 487 511 554 negotiatores
523 489 552 536 et
564 500 621 546 eos,
636 489 682 552 qui
693 485 769 536 inter
778 490 921 538 trecentos
933 499 978 550 pe·

168 558 265 608 eunias
285 557 464 608 contulerant
480 557 557 608 Varo
575 561 604 606 ct
619 554 751 622 Scipioni,
771 556 865 607 moltis
885 555 980 605 verbis

168 632 283 678 accusat
304 633 345 688 et,
371 625 405 676 de
432 639 529 676 eorum
554 626 709 676 sceleribus
730 625 858 692 longiore
884 621 982 675 habita

73 735 77 744 .
169 697 309 757 oratione,
325 695 360 746 ad
373 701 539 758 extremum,
554 701 586 746 ut
597 695 657 746 sine
669 701 743 745 metu
757 692 909 762 prodirent,
920 694 980 745 edi-

168 767 219 816 cit:
238 781 266 816 se
277 765 315 816 eis
326 766 470 818 dumtaxat
479 765 564 816 vitam
574 781 758 817 concessurum
764 782 776 825 ,·
794 763 863 816 bona
874 763 982 830 quidem
1046 791 1047 796 =

169 851 260 886 eornm
272 851 299 884 se
310 835 491 897 venditurum,
512 835 553 886 ita
564 843 668 897 tanton,
688 834 735 902 qui
745 850 837 885 eorum
848 833 917 886 bona
928 849 982 884 suu

152 937 156 940 -
168 904 333 966 redemisset,
351 919 378 954 se
389 904 516 956 bonorum
527 905 704 957 venditionem
714 904 887 956 indicaturum
898 911 924 954 et
933 919 981 970 pc·

169 973 279 1024 turriam
297 975 397 1024 attritae
417 975 523 1036 conane·
541 977 701 1038 relaturum,
712 983 744 1026 ut
764 973 981 1026 incolumitatem

167 1042 287 1094 retinere
294 1051 395 1109 posset.
416 1045 524 1108 Quibus
536 1051 612 1096 metu
623 1045 808 1111 exsanguibus
820 1043 981 1110 (levitaque

170 1127 206 1164 ex
216 1127 266 1162 suo
277 1115 430 1178 promerito
442 1114 672 1180 desperantibus,
694 1115 785 1166 subito
802 1113 897 1164 oblata
907 1113 981 1164 salu·

168 1189 208 1244 te,
228 1182 350 1235 libentes
366 1183 512 1251 cupidique
528 1185 717 1238 conditionem
733 1188 912 1251 acceperunt:
935 1197 981 1249 pe·

169 1254 332 1321 tieruntque
345 1270 361 1304 a
373 1255 506 1316 Caesare,
527 1260 560 1306 ut
569 1257 705 1306 universis
716 1255 851 1306 trecentis
862 1267 918 1303 uno
930 1267 981 1306 no·
1046 1239 1047 1298 ἶ

169 1325 246 1376 nrine
258 1326 400 1388 pecuniam
413 1326 572 1391 imperaret.
608 1327 703 1392 itaque
713 1324 755 1375 bis
767 1323 868 1374 millies
879 1329 982 1373 scater·
1046 1365 1047 1380 ,

170 1393 212 1446 tio
234 1391 277 1444 his
297 1395 445 1460 imposito,
466 1401 497 1446 ut
509 1410 558 1462 per
572 1395 725 1446 triennium
736 1409 786 1446 sex
801 1392 982 1460 pensionibus

168 1462 275 1528 populo
287 1463 412 1516 Romano
423 1466 573 1526 solverent,
594 1465 672 1515 nuiio
682 1479 779 1516 eorum
790 1467 938 1530 recusante
950 1475 983 1514 ac

171 1545 202 1582 se
214 1533 311 1584 eodem
328 1535 374 1586 die
390 1535 501 1587 dentum
516 1540 597 1589 natos
612 1535 813 1601 praedicantes,
835 1533 904 1584 laeti
919 1547 983 1600 gra·

170 1601 227 1652 tias
240 1609 327 1669 agunt
338 1605 458 1656 Caesari.
830 1619 832 1624 ·

214 1669 284 1722 XCI.
300 1672 359 1724 Rex
370 1675 485 1726 interim
496 1677 574 1738 iuba,
583 1681 616 1727 ot
627 1690 662 1726 ex
673 1674 781 1742 proelio
793 1675 913 1742 fugerat,
924 1687 984 1724 una
1046 1707 1047 1710 κ

166 1749 233 1801 curn
243 1739 356 1793 Petreio
366 1744 490 1796 interdiu
501 1747 528 1796 in
540 1745 614 1796 villis
624 1745 770 1808 latitando,
787 1744 910 1806 tandem,
933 1758 983 1794 no·
1046 1751 1047 1816 ]

169 1810 580 1877 cturnisitineribusconiectis',
590 1817 741 1883 inregnum
749 1815 882 1881 pervenit,
895 1819 983 1880 atqua
1046 1817 1047 1848 i

169 1876 205 1927 ad
217 1878 346 1944 oppidum
357 1881 484 1946 Zamam,
506 1885 553 1936 ubi
569 1888 627 1952 ipse
637 1885 825 1947 domicilium,
844 1885 981 1952 coniuges

168 1945 331 2016 liberosque
344 1948 472 2015 habebat,
488 1969 543 2021 quo
554 1961 700 2006 excuncta
712 1970 799 2023 regno
811 1969 919 2005 omnem
932 1969 981 2020 pe·

170 2019 279 2073 cuniam
301 2021 517 2091 carissimasque
532 2040 579 2076 rcs
595 2031 827 2092 comportaverant,
848 2023 982 2092 quodque

168 2089 241 2139 inito
251 2088 750 2158 baliooperibusmaximismunierat,
761 2094 875 2147 accedit.
886 2095 980 2157 Quem
1046 2083 1047 2104 ¹

169 2159 313 2225 oppidani,
334 2167 419 2214 antea
434 2179 546 2216 rumore
558 2171 690 2231 exoptato
701 2166 736 2217 de
748 2166 875 2217 Caesaris
890 2165 980 2216 victo·
1046 2199 1047 2234 ,

167 2229 212 2278 riu
222 2229 328 2293 audito,
339 2232 373 2282 ob
385 2231 435 2284 has
446 2249 556 2284 caussas
565 2233 883 2302 oppidoprohibuerunt,
895 2234 979 2300 quod,

166 2297 243 2348 bello
255 2306 353 2351 contra
365 2303 496 2369 populum
506 2305 657 2356 Romanum
668 2311 814 2371 suscepto,
834 2307 863 2355 in
874 2304 978 2371 oppido

121 2378 122 2381 ¹
167 2366 270 2431 Zamae
282 2369 366 2436 lignis
377 2376 526 2440 congestis,
548 2377 697 2426 maximam
709 2377 737 2426 in
749 2375 841 2426 medio
853 2374 916 2425 foro
926 2389 977 2444 py-

165 2449 226 2496 ram
236 2444 447 2516 eonstruxarat3
465 2448 505 2505 ut,
521 2445 544 2494 si
557 2443 631 2497 forte
643 2445 717 2497 bollo
729 2445 804 2497 foret
818 2451 976 2512 superatus,

167 2506 295 2556 omnibus
306 2509 390 2558 rebus
401 2525 434 2562 co
445 2516 625 2577 coacervatis,
637 2514 738 2566 deliine
749 2516 856 2566 civibus
867 2517 975 2566 cunctis

166 2569 325 2624 interfectis
342 2577 496 2647 eodemque
510 2585 655 2647 proiectis,
675 2585 741 2652 igne
756 2585 895 2646 subiecto,
913 2589 976 2635 tum
1046 2613 1047 2650 3

166 2635 278 2716 demum
290 2657 321 2692 se
332 2645 392 2708 ipse
404 2649 516 2716 insuper
526 2653 697 2710 interficeret
707 2660 790 2721 utque
801 2669 857 2704 una
868 2669 930 2704 com
940 2653 975 2704 li·
1046 2651 1047 2654 ’

165 2702 251 2767 bens,
272 2711 446 2780 coniugibus,
466 2718 570 2772 civibus
581 2730 732 2793 cunctaque
743 2737 814 2792 gaza
824 2725 905 2794 regia
915 2737 975 2777 cra.
1046 2759 1047 2764 κ
