2152 3144
213 170 262 246 sos
414 188 794 245 onnsuuoorvrur
843 179 886 194 “·
959 261 962 268 Δ

211 295 336 357 stimans,
355 298 438 363 atque
450 307 483 344 eo
495 294 582 360 magis
594 291 683 345 officio
695 309 745 346 suo
755 296 913 358 convenire,
932 295 1009 364 quod

211 365 356 432 superiore
367 363 510 414 consulatu
522 379 582 413 cum
598 370 675 429 patre
688 363 848 417 Ptolemaeo
863 369 891 416 ct
905 363 966 432 lege
978 374 1011 418 ct

210 440 324 486 senatus
335 433 463 488 consulto
474 433 591 484 societas
602 440 662 484 erat
672 431 757 496 iacta,
788 434 922 496 ostendit,
953 435 1009 487 sibi

209 504 328 574 placere,
338 517 431 570 regem
438 501 626 553 Ptolemaeum
638 509 719 569 atque
732 518 855 555 sororem
863 503 1008 556 eiusCleo'·

210 581 316 642 patrem
333 573 486 634 exercitus,
517 587 585 640 quos
601 569 748 636 baberent,
780 573 921 625 dimittere
933 580 961 624 et
972 573 1008 626 dle

210 643 405 696 controversiis
416 643 477 692 iure
489 641 562 709 apud
572 655 602 692 se
613 644 719 708 potius,
743 657 824 710 quam
835 645 950 695 interae
962 657 1008 694 ar·

209 714 262 766 mis
274 713 435 779 disceptare.
734 737 738 746 ·
752 723 756 735 '

231 771 239 792 '
263 782 355 833 cvlll.
377 783 445 831 Erat
455 781 484 832 in
494 779 690 847 procuratione
706 782 785 848 regni
801 785 915 850 propter
930 779 1007 831 aeta'-

208 859 266 905 tem
278 853 356 917 pueri
373 851 507 900 nutricius
523 850 595 912 eius,
616 847 770 914 eunuchus,
791 853 902 902 nomine
913 848 1008 901 Pothi-

208 937 269 973 nus.
304 921 330 972 ls
352 921 470 986 primum
491 920 566 970 inter
586 931 651 968 suos
666 920 746 987 queri
764 926 847 988 atque
866 920 1008 988 indignari
1066 961 1067 968 ,

208 990 308 1056 coepit,
328 1004 420 1056 regem
432 988 465 1038 ad
477 987 620 1040 dicendam
632 1003 756 1039 caussam
769 992 890 1041 evocari:
906 988 1008 1040 deinde

208 1059 350 1111 adiutores
366 1057 514 1126 quosdam,
543 1058 668 1108 conscios
683 1060 740 1121 sui,
770 1065 868 1110 nactus
883 1073 917 1110 ex
931 1059 1008 1126 regis

208 1129 317 1191 amicis,
346 1129 498 1179 exercitum
509 1142 526 1176 a
536 1125 648 1178 Pelusio
659 1126 728 1178 elam
739 1128 933 1180 Alexandriam
946 1141 1009 1194 eqo-

208 1201 280 1250 cavit
289 1203 371 1266 atque
383 1196 509 1248 eumdem
520 1193 665 1260 Achillan,
697 1199 773 1248 euius
790 1211 873 1266 supra
884 1193 1009 1248 memini-

208 1283 280 1332 mus,
311 1268 438 1319 omnibus
454 1267 539 1333 copiis
556 1264 698 1332 praefecit.
734 1267 830 1331 llunc,
860 1269 1008 1318 incitatum

183 1385 184 1390 ,
207 1340 278 1400 suis,
309 1343 337 1389 et
347 1339 420 1404 regis
431 1336 556 1388 inflatum
567 1336 826 1402 pollicitationibus,
857 1351 927 1405 quae
941 1334 1008 1388 fieri

210 1408 305 1469 callet,
336 1407 439 1458 litteris
455 1407 617 1472 nunciisque
634 1405 753 1459 edocuit.
788 1407 819 1459 ln
835 1411 1007 1459 testamento
1066 1421 1067 1424 ¹

208 1478 370 1529 Ptolemaei·
382 1478 469 1544 patris
490 1475 609 1528 heredes
629 1484 709 1528 erant
729 1477 824 1544 scripti
845 1491 879 1527 ex
899 1475 1007 1526 duobus

207 1547 272 1600 liliis
282 1549 384 1610 nraior,
405 1554 434 1598 ot
446 1561 480 1597 err·
491 1545 597 1597 duabus
607 1559 655 1608 ea,
676 1561 747 1615 quae
758 1551 850 1598 aetate
861 1545 1007 1597 antecede-

206 1619 261 1668 bat.
295 1614 547 1677 llaecutiiierent‚
568 1617 812 1680 peromncsdeos‚
834 1629 936 1683 perque
947 1613 1007 1667 foe-

205 1686 287 1748 dera,
307 1701 376 1753 quae
388 1685 493 1736 Romae
504 1683 629 1746 lecisset,
653 1685 751 1736 eodem
762 1689 930 1736 testamento
943 1683 1007 1736 Pto·

205 1755 330 1805 lenraeus
342 1754 472 1820 populum
482 1753 635 1804 Romanum
646 1755 847 1807 obtestabatur.
877 1752 1006 1807 Tabulae

206 1826 364 1874 testamenti
374 1836 446 1873 unae
461 1821 629 1888 perlegales
640 1824 699 1873 eius
710 1823 826 1874 Romam
838 1827 918 1872 erant
929 1823 1008 1876 aula

205 1897 258 1954 tae,
268 1897 299 1944 ut
310 1893 337 1941 in
349 1892 458 1942 aerario
469 1895 647 1956 ponerentur,
660 1889 725 1954 (hae
736 1905 820 1958 quum
831 1893 946 1957 propter
956 1907 1007 1960 pu-

206 1960 291 2012 blicas
303 1961 498 2026 occupationes
509 1960 571 2026 poni
584 1972 638 2008 non
649 1961 818 2029 potuissent,
840 1957 911 2026 opud
923 1957 1006 2012 Pom·

205 2033 295 2100 peium
308 2036 374 2081 suot
385 2029 547 2095 depositae)
558 2026 673 2093 alterae,
694 2028 792 2081 eodem
803 2028 940 2096 exemplo,
962 2046 1005 2083 re

205 2101 286 2156 lictae
297 2105 379 2168 atque
390 2099 552 2166 obsignatae
562 2095 745 2150 Alexandriae
757 2099 981 2164 proferebantur.

257 2171 324 2224 olx.
342 2171 386 2222 De
396 2168 440 2220 lris
451 2169 622 2236 rebusquum
629 2175 759 2237 ageretur
765 2170 838 2237 apud
845 2171 1006 2234 Caesarem,

204 2244 282 2312 isque
293 2241 412 2292 maxime
421 2237 508 2290 vellet
521 2253 571 2305 pro
589 2239 726 2290 communi
738 2241 827 2293 amico
838 2244 920 2305 atque
931 2241 1005 2292 arbi·

204 2319 250 2365 tro
263 2307 465 2364 controversias
479 2323 575 2378 regum
587 2323 764 2377 componere:
796 2310 887 2361 subito
900 2311 1005 2362 exerci-

205 2391 252 2434 tus
266 2381 361 2448 regius
380 2380 577 2448 equitatusque
593 2381 683 2431 omnis
696 2381 790 2431 venire
807 2379 1005 2432 Alexandriam

205 2451 357 2501 nunciatur.
396 2450 523 2499 Caesaris
542 2447 638 2514 copiae
659 2463 832 2516 nequaquam
847 2455 928 2500 erant
942 2453 1006 2500 tan·

205 2525 261 2581 tae,
276 2524 306 2569 ut
316 2521 367 2580 eis,
383 2524 463 2569 extra
474 2516 602 2584 oppidum
614 2519 637 2570 si
648 2523 721 2570 esset
732 2517 927 2581 dimicandum,
938 2531 1005 2571 con·

204 2584 314 2638 fideret.
350 2586 582 2653 Relinquebatur,
612 2593 644 2638 ut
657 2603 686 2639 se
703 2587 761 2638 suis
773 2586 841 2640 locis
852 2588 951 2656 oppido
962 2589 1005 2640 te'·

206 2661 287 2707 neret
307 2656 504 2722 consiliumque
524 2653 647 2708 Achillae
668 2663 858 2723 cognosceret
894 2657 1004 2712 Milites

206 2733 297 2776 tamen
309 2737 404 2776 omnes
416 2723 442 2773 in
454 2725 538 2775 armis
549 2737 609 2778 csse
619 2726 709 2790 iussit,
719 2725 1003 2797 regemquehortatus
