2180 3140
384 189 513 246 LIBER
546 195 604 248 111.
843 195 894 252 317

94 315 158 352 rere
177 298 279 362 vellet,
308 299 364 349 vim
374 297 464 350 morbi
486 291 625 350 su'stinere
645 313 700 351 non
716 299 818 366 potuit.
854 303 896 354 lio

94 376 218 433 mortuo,
249 368 285 421 ad
306 368 445 420 neminem
461 383 546 419 unam
562 383 669 419 summa
684 370 794 436 imperii
809 369 897 434 redit3

21 500 22 506 ¹
94 439 143 492 seu
164 441 317 507 separatim
337 453 415 488 suam
430 439 545 504 quisque
562 438 679 490 classem
700 437 736 491 ad
750 441 896 492 arbitrium

93 525 174 561 suum
200 508 419 560 administrabat.
465 505 616 570 Vibullius,
646 507 743 560 sedato
764 510 896 571 tumultu,

93 593 173 646 quem
196 580 360 646 repentinus
386 577 522 644 adrentus
543 578 671 629 Caesaris
697 580 896 641 concitaverat,

93 650 139 700 ubi
150 651 283 714 primum,
314 663 412 699 rursus
428 645 552 698 adhibito
564 646 673 698 Libone
687 653 716 698 ct
727 647 760 698 L.
773 648 895 700 Lucceio

93 723 123 768 et
132 715 313 786 Theophane,
334 718 496 785 quibuscum
508 717 712 767 communicare
722 715 756 768 de
768 719 896 770 maximis

93 789 177 838 rebus
188 787 337 854 Pompeius
349 792 545 849 consueverat,
570 785 605 836 de
617 785 755 836 mandatis
767 788 895 840 Caesaris

92 871 180 924 agere¹
188 859 324 921 instituit,
355 871 419 908 eum
432 857 590 924 ingressum
606 857 634 905 in
646 869 803 908 sermonem
814 855 895 908 Pom·

92 928 172 994 peius
186 927 380 996 interpellavit
394 932 423 980 et
436 926 512 994 loqui
532 925 613 993 plura
633 924 782 992 probibuit.
823 925 897 990 Quia

92 994 172 1058 mibi,
196 997 300 1065 inquit,
324 997 455 1059 uictrice,
479 993 651 1058 qatcioitate
662 1006 790 1062 operest,
814 1013 895 1064 quam

92 1063 217 1135 beneflcio
240 1066 365 1120 Caesaris
382 1067 478 1119 babere
497 1064 623 1118 videbor?
651 1065 728 1119 cuias
747 1065 789 1118 rei
802 1067 895 1136 opinio

91 1136 339 1204 tullinorepoterir,
361 1134 618 1204 quurnireltalium,
648 1137 895 1208 exquaprofeetus

91 1219 162 1268 sum,
191 1205 511 1259 redueturexists'mubor.
549 1205 629 1257 Bello
645 1205 785 1272 perfecto,
815 1207 849 1257 ab
859 1207 895 1257 iis

91 1277 195 1326 Caesar
209 1275 278 1328 haec
293 1278 366 1328 dicta
381 1277 525 1344 cognovit,
555 1276 601 1342 qui
621 1276 744 1326 sernroui
762 1274 895 1326 interfue-

90 1351 169 1398 runt:
182 1354 297 1397 conatus
308 1353 403 1397 tamen
413 1343 500 1396 nihilo
508 1345 599 1396 minus
607 1352 658 1406 est,
671 1345 733 1396 aliis
740 1345 896 1397 rationibus

91 1431 142 1484 per
154 1415 294 1482 colloquia
306 1415 340 1467 de
351 1431 417 1483 pace
429 1429 523 1483 agere.

144 1485 219 1536 xlx.
238 1485 313 1536 luter
330 1487 395 1536 bina
411 1491 503 1537 castra
519 1481 645 1550 Pompeii
667 1491 750 1552 atque
767 1485 896 1536 Caesaris

91 1569 176 1606 unum
189 1553 412 1606 llumentantum
427 1556 579 1616 intererat,
610 1554 711 1619 Apsus,
743 1555 895 1622 crebraque

91 1627 168 1676 inter
177 1639 207 1676 se
218 1625 357 1692 colloquia
368 1625 472 1676 milites
485 1622 637 1675 habebant:
657 1637 747 1692 neque
757 1624 844 1674 ullum
856 1627 895 1674 in·

92 1695 176 1746 terim
191 1696 276 1746 telum
295 1709 344 1762 per
358 1697 501 1762 pactiones
511 1694 730 1761 colloquentium
742 1695 895 1746 transiicie-

92 1764 182 1816 bstur.
217 1765 347 1818 Mittit-P.
360 1766 501 1818 Vatinium
517 1762 640 1832 legatum
657 1765 693 1816 ad
704 1766 792 1832 ripam
808 1767 895 1832 ipsam

92 1833 230 1899 fluminis,
251 1836 353 1904 quiea,
374 1851 445 1902 quae
460 1835 578 1887 marimo
594 1835 628 1886 ad
645 1849 740 1902 pacem
753 1837 896 1902 pertinere

90 1903 265 1968 viderentur,
287 1914 383 1974 ageret
394 1915 423 1957 et
434 1906 531 1956 erebro
542 1910 642 1974 magua
653 1919 720 1957 voco
732 1908 896 1972 pronuncia·

92 1981 148 2036 ret,
172 1975 298 2027 liceretne
309 1975 410 2027 mribus
420 1977 457 2026 orl
464 1975 533 2026 eires
545 1975 576 2027 de
584 1991 653 2045 pace
663 1977 768 2044 legatos
777 1975 894 2038 mittere,

110 2044 163 2095 uod
171 2044 252 2096 etiam
255 2045 389 2116 fugitiuis
399 2044 510 2098 absaltu
516 2046 657 2114 Pyrenaeo
664 2045 895 2114 praedonibusque

91 2059 227 2164 acuisset:
240 2114 418 2183 praesertim,
439 2131 518 2182 quum
529 2115 696 2185 idagerent,
715 2115 895 2169 neciceseara

91 2180 194 2233 ciuibus
202 2183 286 2234 armis
297 2185 485 2236 decertarent?
501 2185 593 2236 Multa
603 2185 767 2250 suppliciter
775 2185 895 2246 locutus,

91 2249 169 2302 atde
181 2267 233 2302 sna
244 2259 325 2321 atque
338 2256 461 2305 omnium
473 2255 564 2306 salute
576 2255 705 2316 debebat,
727 2255 894 2321 silentioque

93 2321 129 2372 ab
138 2323 263 2388 utrisque
274 2323 408 2374 militibus
419 2323 539 2374 auditas.
572 2323 745 2390 Responsum
758 2330 801 2374 est
811 2325 846 2374 ab
857 2324 894 2375 al·

92 2398 155 2442 tera
165 2397 270 2463 parite,
287 2390 320 2443 Α.
337 2390 484 2444 Varronem
493 2391 636 2462 profiteri,
665 2409 693 2444 re
706 2395 795 2444 altera
806 2393 848 2445 ilie
859 2395 898 2445 aa

92 2460 251 2530 colloquium
260 2470 410 2524 uenturum,
426 2467 509 2529 atque
521 2477 576 2513 una
587 2464 681 2528 etiam,
697 2462 745 2514 ubi
756 2465 895 2531 utrimque

92 2530 240 2583 adurodum
251 2537 313 2583 tuto
323 2532 409 2601 legati
425 2535 533 2595 venire,
554 2539 584 2585 et
595 2547 665 2599 quae
678 2533 793 2592 vallent,
813 2547 894 2599 expo·

92 2615 159 2654 nere
171 2607 297 2669 possent,
319 2609 480 2671 certumque
492 2605 519 2654 ei
530 2605 571 2654 rei
581 2608 691 2670 tempus
703 2606 894 2655 coristituitur.

92 2671 155 2734 Quo
166 2687 248 2740 quum
260 2678 335 2725 esset
349 2680 464 2740 postero
476 2673 520 2726 die
531 2681 658 2740 ventum,
690 2689 791 2742 niagno
800 2675 895 2725 utrim-

92 2757 147 2811 que
159 2742 311 2798 multitudo
321 2745 463 2810 convenit,
494 2759 652 2816 magnaque
662 2753 722 2801 erat
730 2745 841 2806 eiusfflrei
850 2755 896 2798 em
