2168 3134
180 173 232 228 236
397 171 451 222 DE
469 167 613 223 BELLO
634 165 767 224 ClVlLl

233 277 268 329 Χ.
288 277 414 342 Acceptis
430 275 582 336 mendatis,
615 272 730 323 Roscius
747 288 809 323 curn
821 271 854 324 L.
867 275 986 325 Caesare

182 350 304 414 Capuam
320 345 446 412 pervenit
462 345 554 412 ibique
570 342 698 395 consules
715 342 928 410 Pompeiumque
947 344 987 392 in·-

182 419 264 468 venit
293 415 437 466 Postulato
448 415 575 464 Caesaris
587 413 741 464 renunciat.
777 411 821 462 llli
832 412 989 463 deliberata·

183 502 214 538 re
224 485 395 551 respondent
406 485 562 550 scriptaque
574 482 609 533 ad
621 497 683 532 cum
696 482 882 548 ntandetapcr
891 497 987 532 eosic-

183 559 311 617 mittuut,
342 569 460 621 quorum
472 551 540 604 haec
550 557 611 604 erat
620 565 737 601 summa:
767 548 869 602 Caesar
879 549 907 602 in
921 551 985 601 Gul-

183 625 248 677 liam
259 632 453 686 reverteretur,
482 621 606 673 Arirrriuo
617 620 772 683 excederet,
803 618 986 672 exercitutdi-

183 694 320 745 mitteret:
349 709 417 758 puae
433 691 456 742 rn'
466 691 595 764 fecisset,
623 689 824 756 Pompeiorum
835 689 987 756 Hispanias

183 764 296 815 deerunt.
333 761 456 825 Interea,
476 759 643 828 quoudfldec
658 767 726 809 erret
741 759 820 821 duta,
842 756 988 810 anourent

178 833 339 905 facturum,
359 847 427 895 quoe
439 831 629 897 polliceretur,
648 844 701 880 non
714 827 915 880 intermissuros
926 845 988 881 eon·

184 904 255 953 cules
265 899 475 966 Pompeiumque
486 899 596 965 dilectus

236 971 283 1020 Xl.
306 971 376 1020 Erat
386 969 480 1036 iniqua
491 969 626 1029 conditio,
656 966 814 1032 postulare,
841 968 990 1019 utcacsan

184 1040 307 1091 Arimino
319 1037 469 1089 excederet
479 1043 561 1104 atque
573 1039 600 1086 in
608 1036 774 1102 provinciam
782 1043 989 1099 r·crcrtcretur;

185 1112 274 1174 ipsum
286 1115 315 1159 et
327 1108 481 1173 provincius
492 1112 522 1156 et
533 1106 658 1172 legiones
670 1105 775 1156 alienas
787 1111 895 1158 tencre:
908 1122 988 1157 eucr-

186 1180 270 1230 citum
284 1178 411 1228 Caesaris
423 1175 622 1237 velledimittn
645 1175 764 1225 dilectus
776 1173 890 1228 habero:
909 1176 988 1242 polli-

187 1250 257 1311 ceri,
289 1263 318 1298 sc
331 1249 359 1297 in
371 1246 538 1312 prouinciam
552 1247 672 1310 iturum;
697 1261 798 1312 neque,
830 1252 894 1297 acite
905 1259 989 1313 quent

187 1317 259 1370 diem
270 1319 360 1368 iturus
372 1318 416 1378 sit,
432 1315 561 1366 definire:
578 1321 618 1376 ut,
639 1316 662 1364 si
673 1317 989 1380 peractoceeseriscon·

186 1387 280 1438 sulatu
291 1387 437 1451 Pompeius
455 1383 596 1451 profectus
613 1399 667 1434 non
683 1391 770 1446 esset,
801 1386 879 1436 nulla
894 1392 989 1437 tanuen

187 1457 323 1509 mendacii
337 1457 469 1524 religione
481 1456 631 1508 obstrictus
642 1443 797 1505 rideretur:
809 1461 989 1521 tempusrero

188 1527 326 1594 colloquio
338 1541 392 1577 non
406 1527 480 1588 dere,
496 1541 585 1593 neque
596 1539 768 1576 accessurum
781 1525 913 1592 polliceri,
932 1541 989 1574 rire·

187 1593 270 1664 gnam
292 1599 365 1662 pacis
387 1596 609 1662 desperationem
635 1593 788 1646 adferebat
834 1597 931 1664 ltaque
953 1595 989 1646 ab

188 1668 311 1718 Arimino
325 1667 361 1715 Μ.
372 1666 520 1717 Antonium
533 1681 595 1716 eum
611 1663 769 1715 cohortibus
781 1667 898 1732 quinquo
911 1667 990 1716 Arrc-

190 1737 258 1784 tium
271 1736 370 1784 mittit:
382 1737 440 1799 ipse
451 1736 566 1784 Arimini
579 1749 640 1783 curn
652 1732 989 1802 duabussuhsistitibique

189 1803 322 1854 dilectum
333 1802 577 1853 habcrcinstituit:
600 1801 752 1862 Pisaurum,
769 1801 885 1865 Fanum,
900 1807 989 1855 ⁴lrrco-

188 1887 252 1923 nam
264 1871 379 1937 singulis
391 1869 551 1921 cohortibus
562 1877 686 1936 occupat.

239 1939 302 1991 Xll.
326 1940 436 1991 Interea
447 1942 549 1990 certior
565 1937 668 2001 fectus,
700 1939 824 2007 Iguvium
836 1939 989 1992 'lbermurn

189 2017 346 2080 praetorem
359 2007 519 2074 cohortibus
531 2010 650 2076 quinque
661 2015 764 2071 tenere,
787 2009 916 2076 oppidum
929 2027 987 2061 nru-

190 2084 250 2133 nire
265 2080 442 2146 omniumque
458 2094 518 2131 essc
534 2079 712 2146 lgurinorum
728 2080 860 2144 optimum
876 2095 943 2147 erga
958 2095 989 2134 sc

190 2151 371 2212 voluntatem,
394 2150 539 2200 Curionem
551 2163 613 2198 curn
624 2149 713 2200 tribus
724 2147 898 2212 cohortibus,
920 2165 988 2218 quas

191 2221 299 2274 Pisauri
316 2226 344 2272 ct
361 2220 473 2269 hrinrini
490 2217 621 2281 habehat,
644 2220 737 2268 mittit.
774 2219 857 2269 Cuius
868 2220 988 2270 adventu

192 2293 315 2358 cognito,
347 2289 451 2340 diffisus
464 2290 602 2353 municipii
615 2286 916 2349 coluntutc'l'lrermus,
944 2303 988 2339 co·

191 2360 286 2412 hortes
298 2373 332 2410 ex
343 2360 411 2409 urbe
423 2358 516 2409 educit
531 2362 559 2409 et
570 2357 704 2426 profugit:
736 2358 838 2409 milites
849 2361 875 2407 in
888 2360 989 2409 itincre

190 2432 224 2481 ab
237 2446 269 2481 eo
282 2428 431 2479 discedunt
445 2443 477 2478 uc
491 2427 601 2478 domum
618 2434 802 2479 revertuntur.
839 2429 921 2479 Curio
933 2443 989 2477 orn-

189 2502 264 2551 nium
278 2497 536 2548 surnnravoluutate
548 2497 671 2564 lguriunr
688 2498 794 2564 recipit.
832 2497 936 2560 Quibus
947 2511 989 2548 re·

188 2569 239 2618 bus
260 2568 390 2634 cognitis,
427 2569 545 2617 conlisus
573 2567 779 2632 municipiorum
801 2567 988 2618 voluntatibus

187 2638 290 2687 Caesar
306 2633 436 2686 cohortes
452 2636 570 2702 legionis
583 2637 647 2687 Xlll
666 2651 700 2686 ex
715 2637 858 2701 praesidiis
875 2636 988 2688 deducit

186 2707 388 2774 Auximumque
398 2707 592 2774 proficiscitur:
617 2707 691 2774 quod
702 2706 831 2775 oppidum
841 2707 932 2760 Attius
943 2718 988 2758 co·

847 2793 854 2824 l
