2168 3134
201 227 249 280 182
384 225 439 278 ΠΕ
459 225 599 278 ΒΕίΛιο
619 225 804 278 (ἰΑΙΛᾸῦΟ

197 337 251 382 tur.
286 327 463 398 Allobroges,
484 330 592 382 crebris
613 330 649 382 ad
670 327 833 384 Rhodanum
854 306 1003 394 dispositis

195 399 357 466 praesidiis,
378 415 551 468 magnacum
566 415 633 451 euru
643 406 673 451 et
684 400 833 468 diligentia
845 413 911 449 suos
922 403 1005 447 tucn·

192 475 252 521 tur.
289 471 405 534 Caesar,
427 470 499 538 quod
509 469 606 521 hostes
622 471 748 537 equitatu
764 466 926 534 superiores
940 481 1005 516 esse
1058 475 1059 548 p

192 538 382 607 intellegebat
393 546 430 603 et,
441 540 604 592 interclusis
615 540 742 590 omuibus
753 538 913 600 itineribus,
925 535 1005 585 nullu

197 623 229 658 re
242 623 277 660 ex
288 611 433 676 provincia
444 617 528 678 utque
539 610 621 662 ltulio
631 609 771 660 sublevari
781 611 905 674 poterat,
921 610 1005 656 trans

196 675 323 728 Rhenum
335 680 364 730 in
376 679 555 731 Germaniam
568 680 656 731 mittit
666 678 701 729 sd
712 693 760 729 ees
772 677 917 735 ciritntes,
932 688 1004 741 ques

197 749 390 812 superioribus
402 751 483 800 antiis
495 755 658 815 pacaverat,
680 749 844 817 equitesque
856 743 946 797 abhis
959 759 1004 796 ar·

196 817 284 868 cessit
295 825 324 868 ct
334 818 404 872 leuis
416 827 575 870 ororetur-ee
588 818 706 884 pedites,
718 819 765 884 qni
776 817 911 868 intereos
922 828 1005 879 pree·

197 884 261 936 liuri
281 894 493 939 consueverant.
531 889 632 938 Eorum
653 885 788 947 adventu,
814 885 1004 952 quodminus
1061 934 1062 938 ,

196 953 306 1006 idoneis
318 957 396 1023 equis
407 959 567 1017 utebantur,
578 971 595 1006 s
605 957 727 1007 tribunis
740 956 859 1007 militum
872 954 1004 1020 reliquis·

197 1038 260 1089 qne,
272 1024 323 1076 sed
335 1032 364 1075 et
375 1027 516 1092 equitibus
528 1027 660 1078 Ronlanis
672 1030 757 1092 atquc
770 1025 901 1086 euocatis,
913 1038 1004 1091 equos

196 1093 290 1154 sumit,
302 1093 506 1162 Germanisque
517 1095 669 1147 distribuit.

206 1220 209 1227 ,
250 1163 349 1218 ΙΜἸ.
369 1165 490 1228 luteres,
501 1163 647 1218 dum'heec
658 1170 808 1233 geruntur,
819 1162 943 1214 hostium
956 1177 1003 1213 eo·

195 1232 259 1299 piae
273 1248 308 1284 ex
320 1235 450 1286 Aruernis
471 1236 650 1303 equitesque,
670 1236 717 1301 qui
728 1233 902 1286 totiGalliae
920 1237 1005 1284 erant
1063 1240 1064 1284 ζ

194 1302 337 1369 imperati,
354 1305 533 1356 conveniunt.
569 1307 673 1373 Magno
684 1304 783 1356 horum
795 1308 891 1355 coacto
903 1317 1002 1354 nume·

195 1386 242 1435 ro,
265 1389 348 1440 quum
359 1376 462 1427 Cacsar
476 1376 506 1426 in
519 1374 662 1443 Sequanos
678 1391 729 1441 per
743 1380 885 1426 extremos
896 1373 1008 1438 Lingo·v
1064 1392 1065 1402 ¹

195 1457 262 1496 unm
273 1443 345 1496 lines
361 1446 418 1498 iter
433 1444 556 1508 iaceret,
577 1460 631 1514 quo
643 1445 756 1497 lucilius
767 1444 919 1496 subsidium
937 1455 1002 1507 pro·
1064 1471 1065 1474 =

195 1515 304 1566 vinciae
327 1514 396 1566 ferri
416 1520 519 1581 posset,
541 1517 655 1568 circiter
676 1517 754 1568 milis
773 1529 903 1582 passuum
921 1512 948 1562 X
964 1513 1002 1564 el)

195 1585 329 1636 Romanis
341 1585 423 1637 trinis
434 1586 535 1636 cestris
549 1585 765 1653 Vercingetorix
775 1583 915 1635 consedit:
934 1596 1001 1632 eon·
1065 1615 1066 1630 i

197 1647 357 1721 secutisque
369 1654 404 1704 ed
415 1655 562 1706 concilium
574 1654 727 1721 praelectis
739 1655 877 1721 equiturn,
897 1651 1000 1703 venisse

196 1730 298 1788 tempus
314 1723 447 1774 victoriae
462 1723 650 1774 demonstret:
663 1723 767 1793 fugere
782 1722 812 1773 iu
830 1719 1011 1789 provinciam·

198 1789 331 1854 Romauos
351 1789 494 1858 Galliaque
505 1792 645 1844 excedere:
666 1793 696 1844 id
709 1791 761 1843 eiii
776 1791 814 1843 ad
828 1799 999 1857 praesetnem

196 1857 364 1926 obtinendem
380 1859 529 1912 libertatem
545 1860 612 1912 satie
623 1875 694 1920 esee,-
715 1861 753 1912 ad
760 1858 859 1926 reliqui
870 1859 999 1926 temporie

194 1944 288 1997 pacem
299 1937 380 1997 atque
391 1927 474 1980 otium
481 1945 581 1996 partlm
589 1929 703 1998 profici:
715 1928 864 1982 maioribus
875 1928 945 1980 enim
956 1943 998 1979 co·

196 1997 265 2050 actis
286 1997 371 2066 copiis
391 2014 556 2061 reversuros,
578 2014 661 2066 neque
674 1999 760 2068 finem
780 1998 842 2050 belli
850 1998 997 2122 pectinos.

197 2067 316 2129 Proinde
327 2069 356 2126 ire
367 2067 474 2136 agroino
489 2068 628 2136 irrepeditos
644 2070 812 2121 adoriantur.
870 2069 881 2120 i
892 2068 997 2139 pedites

196 2138 251 2191 tuis
263 2137 513 2210 auxilimnferunt‚
534 2147 614 2204 atque
624 2137 653 2191 in
663 2156 693 2190 eo
704 2149 851 2201 tuerentur,
872 2139 926 2191 iter
937 2155 997 2190 corr·

190 2208 243 2280 fici
253 2225 305 2260 non
312 2225 390 2274 posse
397 2225 407 2268 ‚·
423 2207 454 2268 si,
465 2208 495 2260 id
504 2209 574 2276 quod
583 2208 670 2278 mugit
675 2209 805 2281 futurum
816 2209 942 2279 confidat,
957 2225 997 2258 re·

197 2278 268 2331 lictis
278 2279 480 2344 impedimentis,
492 2295 555 2330 cuce
565 2280 648 2332 saluti
655 2282 804 2340 contulerit,
816 2289 843 2331 et
850 2295 900 2331 usu
909 2294 996 2330 rerem

197 2347 410 2401 necessariarum
431 2358 458 2402 et
479 2349 611 2417 dignitate
632 2349 777 2418 spoliatum
797 2348 843 2400 iri.
879 2347 952 2401 Nem
967 2348 1005 2398 de·

197 2417 329 2484 equitibus
351 2418 473 2480 leontium,
495 2417 559 2487 quin
574 2435 649 2472 nemo
665 2436 755 2472 eorum
771 2418 903 2488 progredi
923 2417 996 2468 ruodo

198 2495 278 2537 extra
289 2503 384 2554 agruen
396 2489 505 2548 resedeat,
521 2506 553 2541 ue
564 2488 636 2556 ipsos
646 2488 752 2557 quidem
762 2488 855 2541 debere
867 2487 995 2548 debitore.

200 2553 232 2607 ld
241 2571 291 2624 pree
302 2556 524 2628 ruaicrefoeiant
535 2557 636 2621 arrium,
657 2559 786 2626 copiates
796 2561 883 2612 orauit
891 2573 944 2626 pro
954 2571 995 2608 ee·

197 2623 263 2674 stris
273 2623 428 2679 institurum
439 2635 466 2678 et
477 2627 579 2680 terrori
589 2627 853 2711 durtiiursuturum.
885 2627 995 2678 Concle-

199 2699 275 2744 ment
299 2695 421 2762 equites.
453 2696 619 2751 carrelissimo
645 2697 821 2751 iureiurando
843 2695 997 2767 confirmari

198 2769 335 2825 operiens
343 2778 376 2818 ne
388 2771 457 2818 lecto
468 2766 631 2836 recipietur,
653 2784 686 2819 ne
696 2769 733 2820 ed
742 2767 847 2831 lid'eroe,
864 2786 896 2820 ue
907 2766 995 2836 adpo·
