2152 3132
208 117 259 174 los
396 119 452 172 DE
469 119 611 174 Bshbo
629 119 815 175 sabuco

258 223 337 276 xxi,
353 225 515 276 Conclamat
530 225 623 278 omnis
636 225 796 289 multitudo,
814 231 845 278 ot
859 241 911 278 suo
927 243 1006 280 mors

205 295 290 346 arnus
301 302 465 361 concrepat3
484 295 558 362 quod
569 294 662 348 facere
672 297 702 346 in
713 312 746 348 eo
757 301 929 348 consuerunt
934 333 943 359 ‚
962 315 1005 350 cu-

204 362 248 414 ius
264 365 421 416 orationem
442 365 612 432 adprobant3
631 381 769 418 summum
786 379 847 418 esse
859 363 1006 434 Vercinge-

204 433 325 500 torigem
346 433 453 498 ducem,
474 450 525 486 nec
541 434 576 487 de
592 436 653 487 eius
668 434 724 487 side
736 434 932 498 dubitandum
954 452 1005 488 nec
1067 453 1068 462 ¹

203 503 312 555 maiore
322 504 434 556 ratione
443 503 548 556 bellurn
559 504 751 556 administrari
761 519 852 572 posse.
863 503 1004 568 statuunt,

204 577 237 623 ut
252 571 347 626 decem
365 574 443 624 milia
457 572 600 626 hominnm
612 573 722 626 delecta
733 589 769 626 ex
778 575 907 626 oneribus
918 577 1004 642 copiis

202 643 232 694 in
244 642 378 709 oppidum.
385 644 596 707 submittantur,
607 660 660 696 nec
670 644 738 696 solis
748 644 922 712 Biturigibus
932 660 1003 697 conr-

202 725 316 764 munem
326 712 446 765 salutem
457 713 686 766 committendam
696 720 824 777 censent3
835 713 909 781 quod
917 730 1003 781 penos
1068 781 1069 786 ἵ

202 794 267 844 eos,
288 783 314 833 si
324 781 354 834 id
366 782 497 850 oppidum
507 784 705 848 retinuissent,
726 799 862 837 summam
871 785 1002 840 notoriae

202 856 334 903 constare
345 851 557 920 intellegebant.
984 915 988 920 ¹

254 920 343 971 XXll.
363 919 506 988 Singulari
522 922 644 973 militum
660 927 822 976 nostrorum
832 924 934 976 virtuti
944 937 1006 974 oon·

201 987 268 1039 siba
286 989 419 1056 cuiusque
436 991 514 1042 modi
529 991 674 1044 Gallorum
694 993 892 1056 occurrebant,
912 999 944 1044 ut
963 997 1007 1044 esi

201 1072 327 1108 summae
338 1073 428 1126 genus
439 1061 600 1124 sollertiae,
620 1067 705 1128 atque
716 1061 751 1112 ad
762 1064 857 1113 omnia
870 1062 1006 1114 imitanda

202 1131 232 1178 et
241 1127 396 1192 efficienda,
408 1144 480 1198 quae
490 1131 525 1182 ab
536 1145 645 1198 qnoque
656 1130 811 1194 tradantur,
822 1133 1006 1198 aptissimum.

201 1195 273 1248 Nam
285 1203 315 1249 et
325 1197 433 1266 laqueis
443 1197 528 1251 saltos
539 1201 728 1261 avertebant,
738 1215 806 1268 quas
814 1217 906 1269 ‚quum
922 1201 1013 1252 desti--

202 1267 522 1330 narcrant‚'tormentis
532 1271 672 1323 introrsus
682 1269 865 1335 reducebant3
886 1277 915 1323 et
923 1285 1008 1338 agge·
1065 1297 1069 1328 r

201 1351 262 1389 rem
272 1337 407 1390 cuniculis
419 1339 631 1403 subtrahebant,
643 1356 677 1392 eo
688 1341 833 1406 scientius,
848 1341 923 1410 qnod
934 1341 1007 1407 apud
1068 1373 1069 1378 =

203 1421 251 1459 cos
263 1423 381 1476 magnae
392 1415 459 1460 suut
471 1408 619 1472 ferrariae,
640 1417 724 1478 atque
736 1425 817 1464 onrne
831 1427 922 1480 genus
933 1413 1008 1461 cuni-

204 1477 328 1529 culorum
344 1484 440 1530 notunr
455 1485 539 1546 atque
555 1480 691 1532 usitatum
708 1485 760 1532 est.
796 1483 898 1532 Totum
913 1486 1008 1532 autern

203 1561 312 1598 murum
324 1563 359 1599 ex
376 1549 449 1600 omni
465 1556 546 1618 parte
563 1551 688 1602 turribus
704 1551 952 1602 contabulaverant
966 1556 1007 1601 at-

204 1632 257 1684 que
269 1615 319 1668 bas
331 1619 415 1670 coriis
426 1619 595 1672 intexerent.
633 1621 704 1672 'l‘unr
720 1620 825 1671 crebris
840 1621 949 1672 diurnis
959 1634 1008 1672 no·

204 1688 364 1754 cturnisque
384 1691 579 1754 eruptionibus
599 1695 649 1739 ant
669 1691 765 1756 aggeri
783 1691 879 1756 ignem
903 1688 1008 1742 insero·

203 1755 283 1816 bant,
304 1762 353 1806 aut
367 1755 472 1808 milites
490 1765 637 1823 occupatos
651 1760 680 1808 in
696 1773 779 1825 opere
791 1758 1008 1822 adoriebantur;
1069 1779 1070 1788 ¹

203 1831 231 1873 ct
243 1831 403 1874 nostrarum
414 1826 532 1876 turrium
542 1827 727 1890 altitudinem,
738 1835 871 1894 quantuni
879 1826 929 1879 has
939 1843 1008 1897 quo·

201 1892 323 1943 tidianus
339 1908 426 1960 agger
442 1904 634 1961 expresserat,
656 1898 811 1948 commissis
822 1912 937 1948 suarum
947 1905 1008 1950 tnr-

200 1963 271 2011 riunr
284 1961 373 2025 malis,
387 1963 594 2032 adaequabant3
613 1972 643 2017 et
652 1973 764 2033 apertos
773 1967 915 2019 cuniculos
926 1983 1008 2036 prae·

203 2039 265 2083 usta
276 2040 304 2082 et
315 2039 467 2099 praeacuta
478 2037 596 2086 materia
607 2040 637 2087 et
645 2039 705 2104 pice
717 2035 869 2090 fervefacta
880 2045 909 2090 ot
919 2039 1007 2089 niaxi-

199 2103 237 2152 mi
248 2101 380 2168 ponderis
392 2104 468 2155 saxis
480 2106 672 2170 morabantur,
691 2107 892 2176 ulceribusque
905 2107 1009 2175 adpro·

199 2173 334 2240 pinqnare
344 2171 538 2241 prohibebant.
710 2181 714 2188 ’

138 2244 142 2254 ’
248 2241 350 2296 XXlll.
368 2243 460 2294 Muris
479 2252 573 2296 autem
590 2247 716 2300 omnibus
729 2247 844 2300 Gallicis
860 2245 929 2299 baec
943 2245 1006 2300 fere

198 2309 290 2365 forma
302 2320 354 2367 est.
390 2313 497 2366 'l'rabes
507 2315 639 2379 directae,
651 2325 801 2384 perpetuae
812 2319 841 2368 in
851 2317 1007 2384 longitudi-

200 2397 278 2446 nem,
298 2383 411 2452 paribus
421 2383 578 2436 intervallis
590 2386 727 2441 distantes
740 2390 814 2440 inter
824 2401 855 2438 se
865 2388 946 2438 binos
956 2402 1006 2454 pe-

200 2451 264 2515 des,
285 2455 314 2504 in
325 2453 385 2506 solo
397 2453 581 2508 collocantur:
600 2455 652 2509 bae
662 2461 851 2511 revinciuntur
860 2459 1006 2508 introrsus

200 2525 327 2575 ctruulto
339 2540 442 2592 aggere
453 2529 623 2579 vestiuntur.
659 2529 702 2580 lla
721 2536 824 2590 arrtenr,
845 2541 916 2594 quoe
933 2526 1005 2577 dixi·

200 2605 272 2654 rnna,
293 2593 440 2648 intervalla
450 2597 601 2664 grandibus
616 2598 644 2649 iu
662 2597 843 2652 frcrntosauis
858 2594 1005 2648 effaroiun·

116 2670 119 2679 “
199 2665 254 2716 tur.
290 2663 342 2714 llis
362 2664 507 2720 collocatis
524 2672 552 2720 et
568 2672 777 2738 coagmentatis,
798 2670 869 2724 alius
887 2667 1004 2742 insuper
