2180 3140
130 237 132 244 Ι
179 167 232 222 aaa
391 167 450 222 ‚aa
470 143 761 221 aennoervrnr

215 306 236 358 l.
256 272 428 357 Dum'baee
437 307 465 356 in
477 275 613 371 Hispania
623 308 769 371 geruntur,
786 304 815 356 C.
828 305 986 358 Trebonius

180 377 299 444 legatus,
320 377 367 444 qui
389 375 426 426 ad
448 375 684 442 oppugnationem
706 373 849 427 Massiliae
871 377 984 427 relictus

179 452 251 508 erat,
273 445 379 497 duabus
391 460 426 496 ex
438 446 563 512 partibus
574 455 712 512 aggerem,
728 445 822 497 vineas
833 450 984 514 turresque

178 516 216 568 ad
226 515 357 582 oppidum
367 531 451 583 agere
463 515 596 568 instituit.
620 513 679 564 Una
691 520 752 565 erat
764 517 892 582 proxima
903 523 983 583 portu

178 581 392 654 navalibusqde;
408 580 553 638 'altera'ad
567 585 698 650 partem,
722 589 776 653 pira
793 584 835 637 est
846 579 938 637 aditus
950 601 985 637 ex

179 655 274 708 Gallia
285 662 367 724 atque
379 655 525 724 Hispania,
543 653 616 707 adid
630 668 715 716 naara,
731 655 805 722 quod
816 655 938 724 adtingit
949 655 984 706 ad

178 728 283 778 ostium
301 715 435 778 libodani.
472 725 599 777 Massilia
614 724 688 792 enim
705 721 765 777 lere
782 726 922 778 extribus
939 741 985 792 op·

178 797 239 864 pidi
250 797 375 864 partibus
387 797 456 846 mari
467 793 605 846 adluitur:
617 793 726 861 reliqua
736 801 837 862 quarta
849 802 902 858 est,
914 811 985 864 quaa

179 866 285 920 aditum
299 864 401 918 babeat
412 881 428 916 a
438 869 523 915 terra.
544 863 635 915 Huius
647 878 757 932 quoque
769 867 852 932 spatii
864 875 929 932 pars
942 881 985 924 ea.

179 937 250 1003 ditae*
261 935 297 985 ad
309 936 400 986 breem
413 936 543 1002 pertinet,
554 934 608 985 lnoi
621 931 834 987 natur-'aetiana
846 936 985 988 altissima

150 1031 159 1052 t
179 1005 299 1066 munita,
319 1003 432 1071 longam
445 1009 473 1055 et
483 1004 624 1056 difficilem
641 1003 726 1070 babet
740 1008 984 1074 oppugnationem.

180 1076 222 1128 nd
237 1089 271 1126 ea
291 1073 461 1140 perficienda
476 1089 568 1140 opera
581 1075 614 1124 .C.
627 1074 784 1127 Trebonius
800 1091 928 1144 magnam
939 1077 984 1126 in-

181 1150 339 1197 mentorum
360 1150 445 1212 atque
466 1143 608 1196 bominum
629 1143 836 1197 multitudinem
857 1149 984 1198 exomni

179 1215 323 1284 provincia
342 1219 436 1266 vocat:
466 1215 571 1265 iimina
593 1215 793 1282 materiamque
814 1217 985 1283 eorrrportati

177 1286 267 1338 iubet.
303 1284 408 1347 Quibus
419 1285 695 1350 comparatisrebns,
706 1285 984 1358 aggereminaltitn-

180 1356 274 1408 dinem
285 1355 386 1423 pedum
398 1355 542 1422 octoginta
553 1355 682 1406 exstruit.
761 1355 763 1360 '

231 1457 267 1511 ll.
285 1457 340 1511 Sed
352 1460 426 1511 tanti
442 1465 522 1510 erant
537 1458 694 1526 antiquitus
709 1461 736 1511 in
749 1459 850 1526 oppido
861 1460 984 1510 omnium

180 1543 275 1582 rernm
285 1529 320 1581 ad
331 1530 434 1582 bellum
448 1529 605 1596 adparatus,
621 1533 755 1598 tantaque
767 1529 986 1581 inuititudotor-

180 1605 348 1662 brentorum,
360 1607 497 1652 uteorum
508 1599 562 1650 irim
574 1598 668 1650 nullae
680 1605 828 1652 contextae
837 1600 986 1654 viminibus

179 1673 278 1722 vineae
288 1673 429 1721 sustinere
441 1675 563 1736 possent.
596 1671 711 1721 Asseros
722 1672 795 1722 enim
809 1670 908 1738 pedum
920 1670 985 1721 duo·

102 1763 105 1768 ·
180 1740 279 1802 decim,
296 1740 453 1806 cuspidibus
464 1740 592 1806 praebri,
608 1738 731 1805 atque‘hl
743 1741 987 1792 marinrisbalistia

179 1809 272 1870 missi,
294 1823 344 1876 per
363 1816 482 1876 quatuor
496 1808 607 1860 ordines
623 1811 740 1860 cratium
757 1812 785 1861 in
796 1817 874 1862 terra
884 1810 986 1878 delige·

179 1879 290 1929 bantur.
326 1879 433 1945 ltaque,
445 1877 683 1946 pedalibus-lignis
694 1881 849 1931 coniunctis
861 1883 934 1932 inter
944 1895 985 1942 se,

181 1947 529 2014 portiensintegebantur3
546 1955 630 2016 atque
641 1947 692 1999 bae
703 1951 876 2019 oggerio-ter
886 1965 985 2003 manus

180 2016 385 2086 proferebatur.
421 2018 611 2069 antecedebat
621 2019 733 2071 testudo
746 2021 846 2087 pedum
858 2020 923 2084 LX,
939 2036 984 2072 aa·

181 2085 285 2157 quandi
301 2086 359 2138 loei·
371 2101 483 2150 aaussa,
504 2087 580 2140 faeta
593 2091 658 2139 item
672 2101 706 2141 ex
717 2089 988 2158 fortissimislignis.

182 2157 331 2209 convoluta
342 2159 470 2208 omnibus
486 2159 583 2220 rebus,
604 2160 703 2226 qulbus
718 2161 792 2228 ignis
807 2160 896 2211 iactus
907 2167 935 2211 et
946 2159 984 2213 la-

180 2228 261 2296 pides
273 2226 386 2279 delendi
396 2234 520 2293 possent.
531 2289 534 2296 ¹
558 2227 614 2280 Sed
625 2230 789 2297 magnitudo
801 2243 929 2296 operum,
948 2232 986 2282 al·

181 2297 273 2350 titudo
284 2298 355 2348 nruri
367 2303 451 2364 atque
464 2297 599 2361 turriam,
620 2299 984 2352 multitudotormentorum

183 2375 293 2418 «tarnem
314 2367 582 2419 administrationem
602 2367 740 2422 tardabat.
776 2369 847 2421 'lum
869 2369 985 2422 crebrae

183 2449 234 2504 per
243 2437 353 2488 Albicos
364 2439 527 2503 eruptiones
540 2436 648 2488 fiebant
664 2447 698 2490 er
714 2439 831 2506 oppido,
851 2439 986 2508 ignesque

183 2508 281 2573 aggeri
298 2513 327 2557 et
341 2507 465 2558 turribus
481 2505 691 2571 inferebantur,
711 2524 783 2576 quae
799 2507 881 2561 laelio
898 2515 989 2562 nostri

184 2571 358 2641 repellebant
369 2573 473 2627 milites
482 2576 644 2644 magnisque
655 2579 730 2629 ultro
742 2577 827 2629 illatis
839 2579 986 2632 detrimen·

184 2644 244 2762 aab
253 2658 320 2762 eotsa
336 2645 384 2712 qui
394 2646 572 2711 eruptionem
585 2641 721 2710 fecerant.
741 2649 770 2698 in
781 2649 911 2715 oppidum
923 2651 985 2701 reii-

184 2725 226 2761 cte
246 2727 281 2762 811
296 2749 302 2761 .
