2152 3132
285 217 287 224 ·
378 189 527 244 LIBER
545 185 596 244 Vl.
840 187 888 244 125

85 294 216 348 caesaris
227 285 408 362 cognoscunt.
445 294 549 348 Positis
563 294 663 346 castris
680 291 818 347 amilibns
828 307 890 361 pns-

83 381 165 416 suum
176 365 241 427 XV,
269 366 375 416 auxilia
385 364 589 416 Germanorum
607 369 772 432 exspectare
788 367 889 414 correti-

83 440 178 488 tuunt.
206 433 358 497 Labienus,
368 433 490 486 hostium
499 435 616 501 cognito
627 434 751 497 consilio,
762 448 889 500 sperans,

83 505 251 557 tenneritate
272 519 370 556 eorum
389 503 451 556 fore
466 505 589 572 aliquam
610 503 757 554 dimicandi
773 502 889 554 faculta-

82 581 154 636 tem,
169 572 313 641 praesidio
324 571 482 625 cohortium
494 575 618 641 quinque
629 571 837 640 impedimentis
848 587 891 626 rc·

82 644 164 705 licto,
184 658 245 693 cum
256 642 336 696 XXV
345 642 508 696 cohortibus
520 657 676 710 magnoque
687 643 814 709 equitatu
825 656 890 694 con·

82 719 132 764 tra
142 711 253 764 hostem
269 713 454 780 proficiscitur
468 718 514 776 et,
541 712 572 763 M
580 727 715 779 passuum
726 712 890 764 intermisso

82 783 193 850 spatio,
217 789 310 834 castra
320 783 481 834 communit.
517 783 674 834 Eratinter
683 780 839 833 Labienum
849 787 892 832 at·

83 869 141 921 que
151 849 262 902 hostem
273 852 378 904 difficili
388 853 511 903 transitu
527 851 631 904 llumen
645 852 766 921 ripisque
777 865 891 918 praeru-

74 924 159 991 ptis:
180 920 233 973 hoc
242 937 333 990 neque
344 921 539 989 ipsetransire
550 923 580 972 in
591 921 684 973 animo
694 920 825 984 babebat,
843 935 891 971 ne·

84 1007 141 1060 qne
151 989 249 1042 hostes
262 993 433 1042 transituros
449 992 635 1043 existimabat.
670 991 834 1059 Augebatur
844 1005 893 1042 au·

82 1061 219 1114 xiliorum
231 1061 356 1128 quotidie
367 1075 440 1127 spes.
471 1062 611 1130 Loquitur
621 1062 649 1111 in
661 1062 778 1113 consilio
790 1060 893 1128 palam,

84 1129 214 1199 quoniam
228 1129 359 1183 Germani
368 1130 584 1198 adpropinquare
595 1131 736 1194 dicuntur,
763 1146 817 1182 rese
827 1146 893 1182 cuae

86 1200 276 1266 exercitusque
285 1200 419 1273 scrtnnnc
432 1201 461 1253 in
478 1201 586 1252 dubium
600 1189 653 1253 icon
663 1200 854 1253 devocaturum
864 1207 894 1251 et

84 1279 196 1340 postero
216 1269 367 1339 die-prima
389 1271 447 1323 lnce
466 1278 559 1322 ecura
574 1279 717 1322 moturum.
754 1269 895 1321 Celeriter

87 1341 160 1394 baec
171 1339 205 1391 ad
215 1339 312 1391 hostes
330 1339 509 1403 deferuntur,
535 1347 568 1391 ut
584 1355 619 1391 ex
633 1353 736 1406 magno
748 1338 894 1391 Gallorum

89 1412 234 1480 equitatus
243 1424 360 1464 nrrnrero
371 1409 733 1461 nonnullosGallicisrebus
744 1407 839 1460 favere
847 1423 895 1460 na·

88 1487 156 1534 tura
177 1479 305 1548 cogebat.
345 1479 486 1531 Labienus
506 1484 604 1542 noctu,
632 1478 753 1530 tribunis
774 1478 895 1529 militum

91 1551 242 1621 primisque
262 1549 406 1601 ordinibus
426 1550 546 1610 coactis,
574 1546 640 1615 quid
656 1547 701 1599 sui
722 1547 760 1598 sit
775 1547 896 1609 consilii,

91 1621 225 1689 proponit
236 1624 280 1682 et,
304 1634 359 1686 quo
369 1618 481 1669 facilius
491 1617 622 1686 hostibus
628 1617 737 1668 timoris
748 1615 797 1668 det
807 1617 897 1685 suspi-

90 1693 213 1751 cionem,
240 1690 346 1741 maiore
360 1691 481 1755 strepitu
497 1693 527 1742 et
540 1687 676 1750 tumultu,
705 1701 786 1754 quarn
798 1687 895 1755 populi

90 1759 209 1813 Romani
222 1757 278 1810 fert
289 1759 478 1823 consuetudo,
497 1758 705 1810 castra'moveri
715 1756 804 1809 iubet.
841 1758 896 1808 llis

90 1831 176 1881 rebus
187 1827 270 1896 fugae
281 1828 400 1880 similem
411 1829 615 1895 profectionem
626 1826 719 1879 efficit.
740 1828 819 1881 llaec
829 1843 896 1895 qur>-

90 1913 146 1967 que
157 1913 208 1967 per
219 1899 413 1964 exploratores
424 1898 601 1962 nucerinen,
612 1899 640 1948 in
649 1899 910 1968 tantupropinqni·ae

89 1975 151 2022 tete
163 1973 327 2031 castrorum,
345 1967 381 2020 ad
391 1964 487 2020 hostes
498 1967 671 2021 deferuntur.

142 2039 218 2092 Vlll.
236 2039 292 2091 Vix
307 2052 407 2106 agmen
423 2040 602 2091 novissimum
622 2044 704 2091 extra
723 2040 895 2092 munitiones

89 2113 282 2177 processerat,
301 2123 385 2175 quum
395 2105 482 2171 Galli,
500 2107 639 2160 cohortati
649 2110 725 2160 inter
735 2124 765 2159 se
771 2146 779 2173 ,
796 2126 829 2162 ne
840 2124 897 2177 spe·

89 2186 183 2232 rotam
189 2177 321 2246 praedam
334 2193 368 2229 ex
377 2176 499 2230 manibus
509 2176 695 2239 dimitterem
713 2179 822 2247 longum
832 2195 897 2240 esre,

88 2247 248 2318 perterritis
257 2245 398 2310 Romanis,
413 2247 608 2300 Germanorum
617 2247 750 2300 aredium
760 2256 897 2314 exspecta-

90 2333 139 2380 νος
161 2333 245 2384 neque
255 2315 402 2384 stampati
410 2316 588 2386 duritatem,
605 2325 638 2368 ret
648 2316 736 2369 tantis
746 2317 829 2386 copiis
837 2325 897 2368 tom

92 2385 221 2456 exiguam
230 2402 348 2450 mannen,
360 2386 524 2454 praesertim
566 2386 685 2455 gientem
696 2394 779 2454 atque
789 2385 897 2454 impedi-

93 2465 164 2521 tam,
181 2455 288 2509 adoriri
297 2473 350 2508 non
362 2455 497 2517 audeam
537 2470 619 2508 umen
629 2456 750 2508 transire
761 2461 790 2506 et
799 2456 896 2525 iniquo

92 2525 156 2579 loco
168 2525 307 2593 proelium
319 2527 493 2578 committere
504 2540 559 2576 non
571 2525 710 2577 dubitant.
745 2525 823 2587 Quae
835 2523 896 2579 fore

94 2597 252 2664 suspicatus
264 2595 416 2658 Labienus,
425 2601 458 2646 ut
468 2610 565 2647 omnes
576 2597 647 2646 citra
657 2593 758 2648 flumen
771 2595 897 2659 eliceret,

95 2665 193 2718 eadem
204 2681 271 2717 usus
282 2664 462 2717 siurulacione
472 2665 598 2729 itineris,
617 2665 726 2732 placide
736 2659 907 2734 progredie-¹

95 2731 188 2789 batur.
224 2735 311 2800 Tum,
329 2735 492 2802 praemissis
503 2735 628 2802 paullum
637 2735 846 2805 impedimentis
857 2740 898 2789 si·
