2150 3124
393 141 544 196 LIBER
569 143 609 195 ll.
868 139 901 196 37

100 247 141 298 dis
160 246 299 311 recipere,
325 256 355 296 et
369 244 510 297 immento
524 247 678 313 ceterisque
694 245 777 298 robus
791 247 901 299 iuraret

98 316 221 383 reliquos
236 330 331 366 omnes
340 314 443 382 Belgas
457 318 579 366 inarmis
588 330 661 367 esse:
684 313 901 384 Germanosque,

97 387 146 454 qui
161 387 201 436 cis
213 383 337 435 Rhenum
350 385 489 446 incolunt,
508 400 569 436 sese
583 400 644 435 cum
660 383 703 435 bis
718 385 901 450 coniunxisse,

93 461 259 522 tantumque
275 469 335 506 asse
350 469 447 505 eorum
457 457 578 505 omnium
588 453 724 516 lurorem,
735 461 767 504 ut
777 467 810 506 ne
822 453 902 506 Sues·

95 527 189 576 aiones
209 524 332 590 quidem,
352 523 454 574 iratres
469 525 741 591 consanguineosque
756 537 835 586 suos,
854 525 902 592 qui

98 589 196 645 eodem
209 595 270 644 iure
280 601 310 644 et
319 593 423 644 eisdem
433 592 541 660 legibus
550 598 678 653 utantur,
698 607 783 643 unum
793 593 902 660 imperi·

95 679 144 726 um
161 677 300 730 unumque
310 664 501 730 aragistratum
512 677 572 712 curn
583 663 649 728 ipsis
660 660 792 726 habeant,
811 661 902 715 deter-

96 747 160 784 rere
171 734 327 797 potuerint,
337 735 402 799 quin
413 747 474 782 cum
485 730 528 782 his
537 732 735 782 consentirent.

148 801 196 852 lv.
232 803 323 864 Quum
334 803 367 853 ab
378 800 421 852 his
430 805 585 868 quaereret,
595 815 665 868 quae
676 801 902 870 civitates,quan·

96 867 199 936 tneque
214 872 242 920 in
258 871 342 922 armis
357 877 461 932 essent,
481 869 585 937 etquid
595 872 624 921 in
634 869 708 922 bello
719 877 843 936 possent,
862 873 902 924 sie

96 939 265 1006 reperiebat:
286 941 433 1007 plerosque
453 939 554 1007 Belgas
575 955 634 992 csse
651 945 728 990 ortos
743 940 777 991 ab
789 941 902 994 (ieiuna-

96 1011 154 1074 nis;
165 1007 346 1076 Rhenumque
357 1011 510 1076 antiquitus
520 1009 710 1071 transductae,
720 1017 837 1076 propter
847 1011 901 1063 loci

97 1077 272 1144 fertilitatem
287 1080 325 1130 ibi
339 1079 496 1130 consedisse
511 1078 675 1146 Gallosque,
690 1080 737 1146 qui
747 1094 780 1130 ea
791 1079 852 1132 loco
863 1082 902 1131 in·

97 1147 234 1208 colerent,
254 1148 403 1215 expulisse3
424 1147 552 1214 solosque
567 1163 639 1212 esse,
660 1149 719 1216 qui,
734 1155 843 1215 patrum
854 1163 902 1201 no·

97 1223 219 1266 stt-orum
239 1218 386 1280 memoria,
414 1219 488 1268 omni
508 1216 600 1268 Gallia
620 1223 732 1280 vexata,
758 1219 901 1270 Teutonos

98 1285 278 1352 Cimbrosque
302 1288 377 1338 intra
398 1286 467 1337 lines
492 1301 556 1337 suos
574 1286 682 1354 ingredi
701 1285 902 1354 prohibuerint.

97 1353 161 1418 Qua
175 1370 208 1405 ex
223 1371 254 1406 re
268 1357 341 1418 lieri,
361 1357 402 1406 uti
416 1371 511 1406 earum
526 1371 617 1406 rerum
630 1356 762 1406 memoria
773 1371 900 1424 magnam

96 1425 150 1483 sibi
170 1427 364 1476 auctoritatem
383 1436 552 1492 magriosque
567 1426 681 1491 spiritus
695 1426 724 1474 in
739 1439 769 1476 re
785 1425 900 1477 militarl

95 1500 247 1544 sumerent.
281 1494 325 1546 De
344 1509 458 1544 numero
479 1508 574 1546 eorum
591 1495 683 1544 omnia
698 1508 728 1544 se
744 1491 845 1545 habore
856 1507 901 1546 ex·

96 1563 221 1630 plorata,
236 1564 313 1614 Remi
325 1563 463 1625 dicebant,
475 1570 621 1629 propterea
631 1561 704 1630 quod
715 1563 900 1632 propinquita-

94 1633 172 1683 tibus
193 1633 433 1700 adlinitatibusque
454 1632 605 1693 coniuncti,
634 1637 764 1699 quantam
786 1633 900 1702 quisquo

95 1701 303 1754 multitudinem
323 1704 352 1753 in
373 1703 510 1760 oommuni
520 1701 670 1769 Belgarum
690 1701 806 1753 concilio
822 1703 855 1753 ad
873 1701 899 1754 id

95 1771 201 1822 bellom
217 1771 357 1837 pollicitus
367 1773 417 1833 sit,
438 1773 627 1838 cognoverint.
663 1770 814 1823 Plurimum
827 1773 900 1825 luter

95 1854 144 1891 eos
155 1839 318 1891 Bellovacos
329 1847 356 1892 el
366 1843 479 1902 virtute,
491 1846 520 1892 et
530 1841 707 1904 auctoritate,
719 1847 748 1893 et
758 1839 899 1893 hominum

95 1925 213 1962 numero
223 1909 327 1960 valere:
340 1908 390 1966 bos
401 1925 482 1976 posse
492 1911 625 1962 conlisere
636 1915 743 1962 ernisto
751 1911 828 1963 milia
839 1927 900 1964 oen·

96 1987 170 2030 tum:
195 1979 333 2045 pollicitos
349 1995 382 2030 ex
397 1995 430 2032 eo
445 1994 560 2032 numero
575 1979 662 2030 electa
676 1980 740 2043 lix,
760 1983 901 2049 totiusque

97 2049 165 2100 belli
180 2050 326 2114 imperium
341 2050 391 2100 sibi
407 2052 557 2115 postulare.
593 2049 754 2101 Suessiones
765 2064 829 2102 suos
840 2064 901 2103 esso

96 2119 243 2181 tinitimos,
254 2118 401 2169 latissimos
412 2119 738 2186 l'erocissimosque'agros
750 2119 900 2185 possidere.

95 2187 176 2253 Apud
187 2202 235 2238 eos
246 2186 330 2238 suisse
340 2203 432 2255 regem
443 2193 538 2240 nostra
547 2189 628 2239 ctiam
640 2189 774 2240 memorie
785 2188 901 2239 Divitio-

95 2273 169 2318 cum,
179 2258 266 2308 totius
277 2255 387 2309 Galliae
395 2258 624 2324 potentissimum,
634 2258 680 2324 qui
691 2271 774 2323 quum
785 2271 901 2324 magnae

94 2328 184 2394 partis
198 2324 294 2376 harum
306 2328 462 2393 regionum,
482 2331 541 2379 tum
554 2329 635 2377 etiam
647 2325 808 2378 Britanniae
819 2328 901 2393 impo-

94 2399 170 2446 rium
182 2397 346 2448 obtinuerit:
366 2411 439 2447 nunc
448 2409 508 2448 esse
519 2410 611 2462 regem
624 2393 755 2445 Galbam:
774 2393 900 2459 adhunc,

95 2471 212 2532 propter
232 2466 363 2516 iustitiam
384 2465 627 2531 prudentiamque,
647 2464 732 2512 totius
747 2463 814 2515 belli
831 2479 900 2516 sirni-

95 2550 171 2586 mam
191 2535 312 2586 omnium
329 2534 470 2586 voluntate
486 2533 600 2586 deferri:
621 2531 722 2599 oppida
737 2531 837 2587 bebere
853 2549 900 2586 nn·

94 2603 251 2665 merallu,
271 2603 395 2670 polliceri
408 2604 481 2654 milia
493 2611 599 2654 arnrats
610 2603 818 2670 quinquaglntaz
837 2605 890 2657 totl

94 2676 160 2726 dem
170 2673 300 2734 Neruios,
321 2675 366 2741 qni
384 2675 501 2724 rrraxime
517 2671 569 2742 leri
578 2673 652 2723 inter
662 2671 736 2736 ipsos
748 2670 901 2725 habeantur
