2152 3132
175 170 236 239 ,154
374 173 429 226 un
451 163 593 227 nureo
613 173 796 229 esnnrco

184 285 255 340 tere,
279 293 347 348 pune
367 294 418 330 non
439 278 986 334 rnrcnitieneetlocinntereebemnirint
1061 280 1064 289 '

129 409 131 415 k
180 348 303 419 periculo
314 357 394 409 tute,
412 365 462 400 neu
473 347 526 399 ruis
536 350 593 402 sint
603 348 851 401 addetructandam
860 348 986 403 mititiam

182 419 368 485 receptacula,
388 433 439 468 nee
454 418 582 470 Romanis
593 419 736 486 proposita
752 419 787 470 ari
800 417 904 486 copiam
920 437 988 472 eorre-

183 495 288 540 meetue
302 487 482 556 praedemque
498 489 648 541 tollendam.
694 488 770 540 Haec
784 487 809 540 ei
821 488 923 556 grauia
937 499 986 542 ant

182 556 280 609 acerba
294 557 450 622 videantur,
469 560 552 610 meite
566 557 616 610 itta
628 558 743 627 gravior
757 557 902 610 aestimare
913 558 986 610 debe·

180 643 225 690 re,
240 625 351 690 liberos,
372 628 500 698 coniuges
509 627 539 681 in
549 628 702 680 servitutem
713 627 846 690 ubetrebi,
865 628 936 696 ipses
946 628 985 680 in·

181 695 287 766 terfiffl
307 694 761 765 puaesitneceeseaeeiiiereeierir.

231 799 293 853 XV.
321 801 450 853 Omnium
472 817 609 853 consensu
630 799 680 853 bac
696 803 837 853 sententia
856 803 983 869 probata,

180 886 236 922 uno
257 870 301 921 die
321 870 439 936 amplius
454 871 507 922 XX
522 871 604 922 urbes
618 867 775 939 Biturigum
792 873 984 925 incenduntur.

179 940 242 990 Hoc
252 939 325 990 idem
337 943 369 991 lit
380 942 408 990 in
419 941 536 1008 reliquis
547 941 715 992 civitatibus.
744 943 774 993 ln
788 943 915 993 omnibus
926 958 985 1010 par·

179 1010 254 1060 tibus
269 1008 398 1060 incendia
412 1012 634 1076 conspiciuntur3
655 1027 726 1079 quac
742 1009 793 1062 etsi
813 1027 913 1078 niagno
924 1027 983 1063 curn

180 1077 278 1130 dolore
298 1094 395 1130 omnes
414 1079 557 1141 ferebant,
577 1087 671 1131 tamen
687 1080 739 1133 boc
754 1080 807 1131 sibi
819 1081 912 1132 solatii
924 1095 985 1150 pro·

179 1148 337 1214 ponebant,
356 1149 487 1216 quodse,
507 1165 593 1216 prope
605 1151 752 1218 explorata
760 1151 892 1213 victoria,
915 1151 984 1203 celc-

180 1219 250 1270 riter
264 1220 367 1270 amissa
382 1226 594 1285 recuperaturos
610 1221 795 1274 confidebant.
840 1221 984 1274 Delibera·

180 1294 226 1340 tur
240 1287 274 1340 de
289 1290 452 1344 Avaricoin
467 1291 606 1340 communi
617 1292 752 1354 concilio,
772 1291 883 1342 incendi
895 1291 985 1358 piace·
1066 1327 1067 1330 =

178 1365 232 1419 ret,
251 1374 287 1410 an
300 1358 422 1412 defendi.
450 1359 641 1411 Procumbunt
652 1363 780 1412 omnibus
792 1359 882 1412 Gallis
894 1361 928 1412 ad
939 1377 984 1427 pc·
1066 1371 1067 1396 t

178 1427 228 1492 des
239 1429 398 1497 Bituriges,
421 1446 455 1481 ne
467 1429 676 1497 pulcherrimam
684 1447 770 1500 prope
780 1430 864 1484 tetius
878 1431 985 1484 Gallice

179 1497 284 1562 urbem,
304 1515 372 1566 puae
391 1507 419 1551 et
431 1498 571 1566 praesidio
592 1510 619 1552 et
637 1510 792 1554 ornamento
812 1499 850 1553 eit
866 1499 985 1564 civitati,

178 1567 368 1621 tuie'manibelr
379 1569 537 1624 succendere
548 1581 727 1638 eogererrtur5
740 1570 829 1643 facile
839 1587 867 1620 re
877 1572 929 1622 ioci
939 1587 985 1624 ne-

178 1646 242 1690 trtra
254 1637 285 1689 rie
301 1655 410 1703 ensuroe
420 1639 531 1701 dicunt,
551 1640 632 1707 quod,
649 1657 735 1708 prope
751 1658 783 1692 ex
794 1635 913 1693 omnibns
919 1657 986 1709 par·

179 1708 252 1759 tibur
292 1707 380 1760 urrrine
399 1717 426 1760 et
440 1707 541 1776 palude
560 1708 740 1772 circrerndeta,
760 1724 841 1761 errem
850 1708 949 1761 lrabeat
960 1719 988 1761 et

177 1786 372 1846 perangustum
386 1777 498 1828 aditum.
539 1776 631 1829 Datur
645 1778 805 1845 petentibus
820 1778 915 1841 venia,
931 1779 987 1830 dis·

178 1846 315 1904 suadente
327 1849 416 1912 primo
427 1848 672 1914 Vercingetorige,
693 1848 944 1914 postconcedcute,
955 1857 987 1902 et

165 1916 305 1984 precibus
316 1917 439 1982 ipsorum
446 1953 455 1979 ,
476 1923 505 1968 et
515 1917 708 1968 misericordia
717 1917 802 1986 vulgi.
847 1917 986 1971 Defenso-

178 2001 225 2040 res
236 1985 339 2052 oppido
348 1986 442 2038 idonei
453 1986 623 2054 deliguntur.

229 2089 306 2143 xvi.
336 2089 550 2158 Vercingetorix
563 2091 715 2142 minoribus
726 2092 873 2144 caesarem
905 2089 989 2146 itine-
1052 2113 1055 2122 ’

178 2161 256 2214 ribus
267 2160 445 2228 subsequitur
458 2167 487 2212 ct
497 2160 587 2212 locum
600 2162 699 2211 eastris
711 2161 821 2230 deligit,
837 2161 987 2230 paludibus

178 2231 311 2300 setinisque
322 2233 473 2293 munitum,
491 2231 526 2283 ab
537 2231 651 2283 Avarico
668 2231 752 2300 longe
764 2233 842 2284 milia
851 2248 987 2299 passuum

177 2299 251 2354 xvi.
287 2302 328 2352 lbi
350 2316 400 2367 per
421 2309 513 2354 certos
535 2301 728 2366 exploratores
759 2302 911 2376 intingnla
931 2303 989 2358 diei

177 2376 312 2437 tempora,
331 2387 402 2438 quae
413 2371 601 2424 serraricum
614 2375 779 2439 agerentur,
798 2374 990 2442 cognoscebat

177 2447 220 2502 et,
239 2440 305 2507 quid
314 2439 376 2492 fieri
386 2441 480 2505 vellet,
491 2441 659 2509 imperabat:
671 2456 768 2494 ornnes
779 2450 891 2495 nostras
903 2444 985 2509 pabu·

177 2509 298 2562 tationes
313 2509 603 2579 frumentationesque
624 2510 805 2574 observabat,
834 2512 989 2579 dispersos·

177 2591 243 2643 que,
267 2595 350 2646 quum
362 2579 473 2647 longius
490 2581 651 2633 necessario
663 2583 862 2647 procederent,
880 2581 989 2636 arlorie.

177 2647 267 2707 batur,
287 2663 446 2716 magnoque
455 2649 631 2701 incommodo
643 2651 887 2717 adficiebatrfetsi,
900 2666 988 2719 quan·

178 2721 235 2764 tnm
248 2716 356 2769 ratione
367 2718 506 2783 provideri
516 2724 641 2785 poterat,
659 2721 694 2772 eb
707 2722 811 2773 nostris
822 2722 989 2774 occurreba-
