2134 3148
331 144 588 198 AFRICSNO.
806 145 857 197 44⁷

54 247 166 314 qui-ntae
182 247 302 315 legionis
318 249 439 315 pilosum
455 251 598 299 cacumina
609 264 660 300 sus
671 253 771 315 sponte
788 263 860 299 arse·

54 325 128 367 rosit.
219 358 221 363 .

106 387 230 439 XLVIII.
249 390 308 440 Rex
328 388 437 438 interim
454 387 536 448 iuba,
558 385 592 437 de
611 388 731 455 equestri
753 385 859 452 proelio

33 471 38 480 ·
55 455 193 522 Scipionis
205 461 309 511 certior
321 457 423 519 iactus„
431 463 617 524 evocatusque
628 457 663 508 ab
675 457 773 508 eodem
785 456 859 506 litte·

53 527 103 586 ris,
120 526 261 592 praefecto
274 527 381 580 Sabura
392 543 453 577 eum
467 527 698 592 panteexeicitus
709 531 808 577 eontra
818 522 861 575 si-

9 633 10 636 ,
52 597 125 646 tium
135 595 244 661 relicto,
256 604 290 648 ut
298 613 389 649 secum
401 598 461 662 ipse
472 596 577 663 aliquid
590 594 860 648 auctoritatisedde-

9 659 11 684 ³
52 672 98 715 iet
114 669 249 718 exercitui
270 666 406 733 Scipionis
428 665 463 716 ad
483 673 620 718 terrorem
639 668 775 726 Caesaris,
797 679 860 715 eum

52 735 143 783 tribus
164 735 321 802 legionibus
338 737 532 802 equitibusque
552 735 671 787 frenatis
682 735 861 802 octingentis,

9 865 10 868 Ἴ
53 802 179 855 Numidis
195 807 257 857 sine
279 807 389 869 ii·enis‚'
402 805 598 872 peditibusque
614 807 683 857 levis
700 810 860 856 arnmturae

51 872 153 939 grandi
163 890 291 939 numero,
301 875 510 942 elephantisque
522 877 638 942 triginta
648 890 779 943 egressus
792 889 806 926 e
817 877 860 925 re-

9 949 11 958 ’
52 957 116 1008 gno,
132 941 166 992 ud
180 941 336 1013 Scipionem
349 953 394 997 est
404 946 555 1012 proiectus.
585 945 737 1013 Postquam
749 944 783 996 ed
796 960 859 995 eum

52 1013 189 1078 pervenit,
210 1017 309 1067 castris
322 1016 409 1083 regiis
420 1029 545 1066 sconsum
558 1018 669 1081 positis,
691 1028 751 1065 cum
762 1016 805 1065 ‘eis
816 1029 859 1065 eo-

50 1082 113 1147 piis,
129 1098 197 1148 quas
209 1087 432 1147 commemoravi,
450 1083 524 1135 haud
535 1087 575 1136 ita
586 1086 670 1154 louge
682 1086 717 1135 aii
729 1085 858 1151 Scipione

9 1147 15 1212 i
51 1153 185 1203 consedit.
222 1157 303 1217 (Euat
317 1156 347 1206 in
364 1157 466 1207 castris
480 1156 608 1206 Caesaris
631 1155 775 1222 superiore
790 1161 859 1205 tem-

9 1233 21 1299 ΙΙ
50 1235 120 1288 pore
132 1237 250 1292 magnus
262 1229 367 1288 tenuem
387 1231 423 1288 et,
444 1227 652 1290 exspectatione
664 1225 805 1290 copiarum
818 1239 859 1290 re-

17 1316 22 1345 i
50 1291 174 1356 giorum,
191 1295 331 1346 exercitus
344 1297 403 1346 eius
414 1297 504 1361 magis
515 1295 694 1360 suspensione
707 1296 800 1344 animo
812 1308 859 1342 an·
875 1321 877 1326 .

19 1362 23 1439 i
50 1367 79 1410 te
96 1361 245 1413 adventum
266 1365 351 1416 Iubae
373 1365 610 1416 commonebatur:
632 1369 778 1431 postquam
791 1377 858 1412 vero

50 1435 145 1481 castra
156 1433 255 1484 eastris
267 1435 395 1494 eontulit,
410 1434 548 1500 despectis
561 1435 622 1484 eius
635 1433 732 1510 copiis,
749 1447 858 1483 omnem

9 1553 11 1578 n
51 1505 193 1552 terrorem·
203 1501 325 1568 deponit.
362 1504 412 1565 lta,
424 1518 505 1570 qoam
517 1508 602 1553 antea
612 1503 713 1553 absens
724 1501 860 1552 habuerat

9 1579 11 1638 J
52 1573 260 1634 auctoritatem,
269 1588 329 1624 enm
342 1587 450 1624 ominem
462 1587 594 1638 praesens
605 1572 768 1633 dimiserat.)
797 1571 858 1631 Quo

9 1645 11 1700 ξ
51 1639 126 1690 facto
138 1642 224 1691 coi-vis
235 1641 317 1694 facile
329 1642 383 1693 fuit
395 1642 576 1704 intellectum,
599 1640 722 1708 Scipioni
733 1640 860 1692 additum

9 1761 11 1764 .
51 1711 176 1762 animum
186 1711 373 1779 fiduciamque
384 1715 458 1780 regis
470 1712 604 1764 aduentu:
615 1715 678 1762 n'am
691 1716 803 1778 postero
814 1712 859 1764 die

50 1781 197 1830 universus
208 1781 276 1832 duas
288 1783 417 1850 regisque
429 1779 604 1848 copias,'cum
616 1780 771 1848 elephantis
782 1797 860 1834 sexa·

51 1850 131 1920 ginta
141 1851 326 1917 productasin
335 1853 431 1914 aciem,
443 1867 526 1918 quam
538 1853 743 1918 speciosissime
755 1854 859 1919 potuit,

50 1921 195 1970 instruxit:
215 1937 260 1984 ac,
282 1922 376 1989 paullo
386 1923 499 1990 longius
510 1936 675 1990 progressus
687 1924 721 1974 ab
732 1923 789 1974 suis
801 1939 859 1973 mu·
871 1933 874 1939 “

51 1989 220 2054 nitionibus,
235 1989 309 2044 baud
326 1993 369 2044 ita
383 1991 429 2044 diu
447 1998 649 2054 commoratus,
668 2008 697 2044 se
714 1995 820 2059 recepit
831 1994 859 2042 in

51 2064 162 2110 castra

9 2157 11 2196 ,2
103 2128 204 2181 XLIX.
212 2131 330 2182 Caesar
342 2136 489 2198 postquam
502 2131 712 2194 animadvertit,
735 2129 860 2197 Scipioni

9 2199 10 2202 ’
52 2197 157 2249 auxilia
172 2199 244 2262 fere,
261 2215 332 2266 quae
349 2205 550 2266 cuspes-tasset,
562 2201 668 2252 vomnio
687 2203 859 2263 convenisse,

9 2309 11 2324 ;
17 2304 24 2345 i
52 2283 143 2334 neque
155 2283 262 2320 moram
274 2269 412 2336 pugnandi
423 2270 509 2320 ullam
520 2270 600 2332 ioue,
617 2284 668 2335 per
677 2272 859 2336 iugum-sum-

52 2352 128 2388 mum
140 2353 202 2388 enm
218 2339 305 2405 copiis
323 2339 458 2406 progredi
468 2339 558 2404 coepi-t
568 2337 720 2390 abramio
730 2339 858 2405 protinas

9 2395 21 2460 i·
53 2407 154 2460 ducere
166 2413 194 2459 et
205 2407 323 2458 castella
332 2411 450 2471 sunnine,
467 2411 640 2476 propiusque
649 2408 805 2477 Scipionem
818 2425 859 2460 ea-

9 2477 28 2541 's
52 2476 154 2542 piendo
166 2478 228 2528 loca
239 2477 350 2528 excelsa
360 2493 495 2545 occupare
510 2478 676 2529 contendit·
690 2479 859 2542 Aduersarii,

9 2493 16 2618 d
52 2547 244 2613 magnitudine
256 2548 397 2615 copiarum
409 2547 516 2610 confisi,
537 2548 804 2616 proximnmeollem
815 2564 859 2600 oc·

9 2619 11 2640 ¹
53 2623 313 2683 cupnveruntatque
321 2620 363 2669 ita
373 2618 485 2686 longius
496 2620 534 2670 ibi
546 2619 742 2686 progrediendi
752 2623 859 2686 eripue-

54 2691 119 2737 runt
138 2685 312 2740 facultatem.
344 2689 476 2742 Eiusdem
496 2689 577 2744 collis
593 2690 748 2759 occupandi
765 2691 859 2768 gretia
