2168 3134
190 128 242 180 224
376 129 431 182 Du
454 129 594 182 nabeo
615 129 800 184 enbbrco

190 196 256 282 mibi
268 248 328 284 esse
345 231 514 295 faciendum,
536 240 682 301 propterea
698 235 770 302 quod
788 235 937 302 insequens
950 253 1000 289 an·

112 310 116 319 ”
190 318 254 364 nus,
273 303 304 355 L.
317 303 429 364 Paullo,
449 306 476 352 C.
491 305 623 355 Marcello
636 307 711 354 Coss.
725 305 815 354 nullan
826 319 871 356 res
884 305 1000 360 Galliae

190 371 273 436 babet
286 388 385 442 magno
398 389 481 440 opere
492 379 595 442 gestus.
615 373 654 426 Ne
666 375 726 444 quis
738 382 830 426 tumen
841 376 1001 441 ignoraret,
1074 431 1075 436 ,

189 444 287 508 quibus
299 446 324 494 in
338 443 406 494 loeis
420 441 521 494 Caesar
533 445 726 510 exercitusque
742 461 775 494 eo
786 451 913 510 tempore
929 444 1000 496 fuis·
1074 463 1075 494 n

189 521 261 575 sent,
274 528 360 580 panea
371 515 515 564 scribenda
526 514 772 582 coniungendaque
784 512 847 564 buit
858 530 998 568 commen·

191 583 262 634 tario
279 586 374 634 statui.

493 694 696 710 m

244 790 343 842 XLIX.
364 793 481 854 Caesar,
499 785 530 841 in
542 789 639 860 Belgio
652 787 891 860 qunm'hiemaret,
911 806 997 842 unum

193 861 261 913 illud
275 864 445 927 propositum
457 861 584 924 babebat,
605 863 748 913 continere
760 863 787 912 in
800 862 923 918 anrieitia
933 863 997 912 eivi-

192 939 279 992 tates,
302 930 370 982 nulli
382 947 456 997 spem
470 937 520 982 aut
530 945 656 982 caussam
669 931 735 982 dare
752 946 906 982 armorum:
929 929 997 982 nibil

191 1003 265 1059 enim
278 1001 368 1051 minus
381 1001 506 1064 volebat,
529 1015 610 1068 quam
623 1000 674 1051 sub
685 1001 800 1052 decessu
815 1016 866 1050 suu
879 1003 999 1052 necessi·

192 1076 278 1126 tatem
291 1069 341 1120 sibi
354 1069 476 1138 aliquam
493 1071 596 1137 imponi
612 1070 677 1122 belli
692 1071 820 1137 gerendi,
841 1085 889 1134 ne,
911 1086 996 1137 quum
1074 1105 1075 1108 κ

194 1141 346 1191 exereitum
365 1139 534 1192 deducturus
551 1147 638 1203 esset,
659 1140 764 1192 bellum
781 1140 895 1206 aliquod
911 1140 998 1191 relin-
1074 1155 1075 1200 ξ

194 1214 341 1278 queretur,
363 1209 436 1277 quod
448 1211 536 1260 omnis
548 1209 642 1268 Gallia
654 1211 772 1262 libenter
784 1214 843 1260 sine
855 1211 997 1275 praesenti
1074 1223 1075 1290 ζ

194 1278 317 1346 periculo
330 1281 492 1346 susciperet.
529 1281 634 1348 ltaque,
650 1277 802 1332 horrorilice
814 1279 939 1330 civitates
952 1281 999 1330 ad·

194 1349 339 1416 pellendo,
372 1352 509 1421 principes
530 1351 656 1400 maximis
683 1352 813 1416 praemiis
835 1348 1019 1412 adfreierrdo,=

194 1419 270 1470 nulla
281 1434 367 1469 onera
383 1435 454 1470 mna
469 1420 648 1487 imponendo,
669 1420 805 1472 defessam
819 1425 862 1480 tot
873 1419 998 1470 adversis

194 1489 307 1554 proeliis
319 1489 452 1552 Galliam,
475 1491 632 1542 conditione
644 1489 758 1556 parendi
769 1489 894 1550 meliore,
916 1487 997 1540 facile

193 1563 221 1610 in
234 1575 300 1625 pace
314 1562 458 1610 contemnit.

245 1628 277 1679 b.
296 1629 370 1694 lpse,
382 1627 504 1680 bibernis
517 1630 649 1696 peractis,
662 1635 760 1680 eontra
770 1627 995 1682 consuetudinem

193 1701 220 1748 in
233 1697 341 1749 ltaliam
354 1714 435 1764 quam
448 1701 575 1748 unanimis
587 1699 733 1750 itineribus
744 1704 787 1750 est
799 1699 948 1765 profectus,
964 1706 996 1748 ut
1074 1723 1075 1734 2

192 1768 343 1833 municipia
355 1773 383 1818 et
394 1767 517 1818 colonias
529 1767 692 1833 adpellaret,
713 1769 811 1835 quibus
823 1769 862 1818 Μ.
873 1769 996 1830 Antonii,

191 1837 347 1904 quaestoris
362 1837 419 1898 sui,
441 1836 647 1887 commendaret
658 1837 808 1888 sacerdotii
823 1838 995 1901 petitionem.

193 1905 385 1956 Contendebat
396 1907 469 1955 enim
485 1907 578 1973 gratia
593 1921 676 1973 quum
689 1906 808 1957 libenter
820 1920 870 1972 pro
883 1904 995 1960 bomine

192 1974 245 2024 sibi
261 1975 502 2038 coniunctissimo,
524 1990 605 2043 quem
621 1975 716 2041 paullo
732 1983 797 2026 ante
814 1978 996 2041 praemiserat

193 2043 228 2096 ad
243 2045 421 2110 petitionem,
444 2053 502 2097 tum
514 2045 616 2096 aeriter
631 2053 729 2097 eontra
743 2044 895 2096 factionem
908 2053 938 2098 et
951 2062 995 2114 po·

192 2120 308 2166 tentram
322 2129 489 2182 paucorum,
511 2115 559 2182 qui
570 2115 609 2166 Μ.
620 2117 734 2168 Antonii
748 2116 856 2181 repulsa
869 2118 994 2168 Caesaris

193 2185 352 2239 decedentis
365 2186 520 2238 convellere
530 2187 648 2252 gratiam
660 2185 807 2252 cupiebant
854 2187 934 2240 iluna
944 2189 994 2240 etsi

192 2270 323 2323 augurem
337 2257 413 2324 prius
425 2255 542 2318 factum,
552 2295 554 2302 .
565 2271 647 2324 quam
658 2257 765 2310 ltaliam
777 2255 949 2324 adtingeret,
966 2259 993 2308 in

192 2327 294 2378 itinere
306 2326 447 2378 audierat:
467 2333 558 2378 tamen
573 2341 627 2376 non
639 2328 729 2376 minus
745 2327 844 2376 iustam
857 2328 908 2378 sibi
921 2343 995 2378 eaus-

193 2411 251 2448 sam
263 2397 414 2461 municipia
425 2402 454 2446 et
466 2396 589 2448 colonias
601 2395 721 2448 adeundi
733 2396 909 2459 existimarit,
921 2403 952 2448 ut
961 2399 993 2450 iit

191 2469 297 2532 gratias
319 2472 430 2534 ageret,
463 2465 536 2534 quod
561 2465 746 2533 frequentiam
769 2476 853 2534 atque
875 2465 993 2519 ollreium

192 2549 272 2584 suum
289 2536 408 2586 Antonio
425 2536 644 2601 praestitissent3
668 2536 804 2602 simulque
820 2552 850 2588 se
867 2543 895 2587 et
912 2536 992 2589 bono·
1074 2537 1075 2542 ’

191 2617 249 2653 rem
261 2618 341 2654 suum
353 2604 534 2671 insequentis
546 2606 611 2658 anni
626 2606 833 2658 commendaret
849 2608 990 2673 petitione,

191 2683 339 2736 propterea
356 2674 430 2740 quod
448 2673 600 2728 insolenter
616 2674 766 2728 adversarii
780 2677 823 2728 sni
839 2677 988 2744 gloriaren·
1074 2725 1075 2750 ,
