2152 3132
86 222 90 227 .
159 175 213 232 lto
349 175 407 232 DE
426 177 568 232 BELLO
588 179 776 236 GALLICO

157 296 210 404 ppo
220 280 271 334 tali
283 280 424 348 facinore,
444 285 530 352 stirps
545 300 578 336 ae
587 287 826 357 nomen-civitatis
836 281 965 342 tollatur.

189 367 278 420 agnus
288 351 411 422 undique
423 371 554 406 numerus
565 355 697 408 celeriter
707 359 846 408 convenit.

173 450 176 456 ·
209 421 323 474 XXXV.
343 423 420 488 ilaec
430 425 457 474 in
469 426 596 477 omnibus
606 426 765 478 Eburonum
781 426 964 495 portibusge·

158 491 302 554 rebantur,
311 489 426 561 diesque
437 492 587 561 adpetebat
597 497 741 562 septimus,
752 511 834 564 quens
843 496 879 546 ad
889 496 969 548 diem·

160 561 264 613 Caesar
275 561 310 612 ad
324 562 525 631 impedimento
538 564 735 632 legionemque
745 567 850 617 reierti
862 567 964 618 eonsti-

158 635 262 684 tuerat.
301 631 369 696 Hic,
390 635 573 700 quantumin
593 635 667 687 bediu
688 634 803 687 fortuna
824 633 914 701 possit
935 643 965 687 et

160 706 281 769 quantos
293 701 404 754 adierat
416 719 509 768 casus,
527 706 658 771 cognosci
670 707 772 772 potuit.
788 709 789 714 ’
810 703 964 773 Dissipatis

159 784 192 822 ac
206 772 366 837 perterritis
382 771 519 837 nostibus,
533 780 565 824 ut
577 773 846 838 demonstrauimus,
865 789 964 827 manus

160 845 223 891 erut
233 840 331 903 nullu,
342 857 413 909 quae
425 857 537 909 parvam
555 844 638 897 modo
653 860 779 896 cnrrssnm
795 845 906 896 timoris
918 844 965 896 ad·
1062 841 1063 846 ’

158 907 255 960 ferret.
284 911 376 961 Trans
388 910 514 964 Rhenum
525 912 559 964 ad
571 913 727 965 Germanos
743 917 871 980 pervenit
880 914 966 978 famu,

159 977 243 1044 diripi
254 979 410 1042 Eburones,
421 988 504 1049 atquc
515 981 592 1033 ultro
604 985 701 1034 ‹unncs
712 983 747 1034 ud
759 983 891 1049 praedam
902 999 966 1036 ero-

159 1049 227 1099 cari.
266 1049 377 1116 Cogunt
390 1052 514 1118 equitum
526 1052 581 1103 duo
591 1053 672 1104 milia
680 1053 829 1120 Sigambri,
839 1055 886 1122 qui
898 1058 966 1104 suut
1062 1043 1063 1046 ¹

159 1118 280 1183 proximi
296 1117 400 1180 Rheno,
411 1136 427 1170 a
438 1115 536 1188 quibos
546 1129 674 1188 receptos
686 1137 721 1174 cu
731 1123 797 1190 iuga
807 1123 966 1174 'l'crrclitbo

160 1201 207 1236 ros
218 1192 302 1254 atquc
318 1188 447 1258 Usipetes
462 1207 548 1258 supr-a
563 1192 717 1242 docuimus:
737 1198 885 1244 transcunt
895 1192 966 1244 iibe-
1062 1213 1063 1222 ¹

160 1271 226 1308 uum
237 1259 352 1310 natibus
364 1261 539 1328 ratibusque,
560 1261 641 1314 XXX
657 1261 767 1313 milibus
783 1278 912 1328 passuum
925 1265 965 1312 iua

160 1325 207 1378 ira
216 1342 278 1380 eum
291 1327 395 1392 iocum,
415 1331 462 1382 ubi
474 1346 543 1398 pons
556 1337 618 1382 crat
631 1331 771 1398 perfectus
783 1333 966 1398 praesidium·

161 1411 223 1465 que
237 1399 272 1449 ab
287 1401 406 1450 Caesare
428 1401 570 1452 relictum:
591 1403 698 1469 primos
712 1401 872 1456 Eburonum
892 1401 965 1454 fi'ncs

161 1466 278 1532 adeunt,
297 1469 447 1522 muitosex
458 1470 525 1539 fuga
540 1471 844 1538 dispersosexcipiunt,
863 1487 964 1540 magno

161 1540 270 1603 pecoris
282 1555 417 1602 numero,
429 1542 506 1594 cuius
518 1547 583 1592 sunt
593 1542 764 1609 cupidissimi
776 1543 897 1603 barbari,
919 1557 971 1608 pc*

161 1607 279 1659 tiuntur.
298 1611 410 1661 invitati
421 1611 533 1677 pracda,
544 1612 655 1679 longius
666 1612 831 1678 procedunt:
848 1626 902 1661 non
914 1610 965 1662 iius

161 1676 258 1744 palus,
277 1679 305 1728 in
316 1679 612 1748 bciloiatrociniisque
628 1687 721 1742 natos,
742 1695 798 1730 non
809 1678 896 1730 silvae
907 1675 964 1731 mb-

161 1753 272 1798 rantur:
292 1749 390 1814 quibus
400 1749 427 1798 in
439 1749 509 1799 locis
521 1751 559 1800 sit
569 1752 685 1811 Cacsar,
705 1765 740 1801 ex
756 1751 872 1817 captivis
881 1764 965 1816 quae·-

160 1823 240 1877 runt3
260 1815 415 1882 profectum
430 1817 541 1884 longius
553 1820 697 1885 reperiunt
708 1833 873 1885 omnemque
885 1833 964 1870 exer·

160 1885 245 1935 citum
256 1885 418 1937 discessisse
433 1893 613 1954 cognoscunt.
647 1889 738 1957 Atque
748 1903 820 1938 unus
832 1902 867 1938 cx
876 1889 964 1956 capti·

159 1955 209 2016 vis,
233 1951 371 2017 Quidnos,
387 1957 488 2023 inquit,
503 1955 707 2010 baucmisercm
719 1973 751 2008 oc
762 1965 867 2009 tenuem
876 1967 963 2010 sectu-

159 2021 226 2075 miru'
237 2020 382 2092 proedom,
403 2024 497 2090 quibus
513 2027 576 2079 licet
586 2026 705 2080 iumesse
714 2026 964 2100 fortunatissimis?

163 2091 262 2147 Tribus
276 2094 350 2146 boris
365 2094 536 2148 Aduatucam
550 2096 642 2150 uenire
658 2097 786 2168 potestis.-
806 2096 859 2152 leuc
875 2113 964 2151 omum

158 2177 222 2217 suus
231 2166 364 2238 fortunus
374 2165 508 2218 exercitus
518 2164 701 2220 Romanorum
715 2166 844 2220 contulit:
858 2167 963 2235 praesi-

159 2233 198 2287 du·
209 2244 321 2290 tuntum‘
326 2245 373 2297 est,
384 2244 415 2286 ut
425 2252 459 2288 ue
467 2253 559 2289 neurus
569 2236 673 2304 quidem
682 2237 763 2308 cingi·
768 2237 863 2305 pouit,
878 2253 963 2304 nepus

159 2305 299 2374 quisquam
319 2304 411 2375 egredi
430 2315 508 2358 extra
527 2306 686 2360 munitiones
706 2308 812 2359 audeat.
859 2308 963 2361 Oblata

158 2390 217 2442 spe,
232 2376 373 2438 Germani,
389 2390 472 2443 quum
483 2378 556 2428 nacti
568 2383 648 2428 erunt
657 2377 797 2446 praedam,
811 2377 962 2430 inocculto

143 2445 332 2526 ,rpiinquunu
353 2447 404 2512 ipsi
415 2446 587 2499 Aduatucam
602 2447 784 2512 contendunt,
805 2449 849 2499 usi
865 2447 966 2502 eodem

134 2512 243 2578 {conoe
254 2517 333 2568 cuius
344 2514 412 2567 huec
421 2516 524 2568 indicio
536 2522 732 2585 cognoverant.
964 2527 969 2543 ¹

214 2585 340 2638 XXXVI.
360 2586 468 2649 Cicero,
488 2588 535 2658 qui
553 2601 605 2654 per
620 2603 715 2642 omnes
731 2587 889 2654 superiores
904 2585 965 2638 dies

162 2656 319 2722 praeceptis
330 2656 457 2708 caesaris
477 2671 586 2707 summa
602 2657 752 2726 diligentia·
761 2652 863 2708 milites
878 2657 905 2706 in
921 2669 966 2708 ca·

162 2724 228 2776 stris
243 2726 426 2781 continuisset
440 2741 473 2780 sc
486 2741 521 2782 ne
532 2727 656 2782 calonem
672 2727 784 2800 quidem
799 2739 963 2798 quemquam
