2152 3132
185 243 187 248 r
277 253 315 260 Μ
376 219 594 274 lalBEle.
694 249 698 260 =
849 219 884 276 05

72 319 150 377 lictis
164 327 194 374 et
203 321 343 392 'equitibus
354 321 431 387 CCC,
449 325 496 392 qui
507 323 646 396 praesidio
657 321 772 378 navibus
784 321 888 391 essent

72 394 108 447 ‹le'
124 393 216 446 tertio
231 393 326 462 vigilia
345 393 380 444 od
391 391 485 446 hostes
497 393 653 458 contendit,
671 411 705 448 eo
716 397 807 448 minus
816 399 885 447 reri·

72 471 119 516 tus
128 463 272 526 ‘navibns,
295 463 368 532 quod
384 466 413 515 in
428 464 512 516 litore
527 465 698 534 molliatque
709 469 807 532 aperto
818 461 885 517 nelli

74 538 160 602 gntus
180 533 216 584 nd
226 537 361 586 ,ancoram
372 533 560 602 relinqusbnt3
579 541 608 586 et
618 535 758 602 praesidio
769 535 885 586 navibus

74 605 108 668 Q.
123 602 238 657 Atrium
252 603 395 670 praefecit.
434 604 510 670 lpse,
532 609 617 656 noctu
636 615 799 672 progressus
810 605 886 655 milia

74 687 212 740 passuum
223 673 335 724 circiter
344 671 405 736 llll,
421 671 540 726 bostium
552 675 645 740 copias
656 678 886 741 conspicatuses‘t.

72 741 136 806 lui,
162 744 288 810 equitatu
303 747 388 816 utque
404 744 508 796 essedis
519 743 554 794 sd
566 743 667 796 flumen
680 747 833 812 progressi,
851 758 887 796 ex

75 813 141 865 loco
151 813 297 878 superiore
307 818 420 864 nostros
431 811 576 880 probibere
588 815 756 881 etproeliom
763 816 885 866 commit-

73 891 140 935 tere
153 888 316 948 coeperunt.
344 883 458 950 Repulsi
469 882 503 936 ub
515 884 649 952 equitatu,
667 897 696 936 se
707 888 736 936 in
747 885 830 936 silvas
841 885 886 936 ab·

74 951 226 1016 diderunt,
249 953 340 1004 locnrn
356 953 444 1016 nacti,
467 955 578 1020 egregie
596 958 625 1006 et
640 960 741 1007 natura
757 960 785 1006 et
801 961 886 1021 opert

75 1023 231 1084 munitum,
249 1037 330 1090 quem
342 1022 486 1074 domestici
497 1022 577 1087 belli,
594 1030 625 1074 ut
636 1024 791 1088 ridebatur,
808 1039 885 1076 caus-

74 1107 108 1142 sa
122 1093 182 1142 ianr
198 1096 263 1143 ante
281 1098 525 1158 praeparaverant:
543 1109 606 1144 narn
622 1094 726 1146 crebris
741 1095 886 1146 arboribus

75 1162 193 1213 succisis
205 1175 302 1213 ornnes
313 1163 444 1214 introitus
455 1168 536 1214 erant
547 1164 691 1230 praeclusi.
727 1165 782 1231 lpsi
795 1179 829 1216 cr
840 1165 886 1234 sil-

75 1233 119 1282 sis
136 1233 195 1282 rari
211 1233 434 1298 propugnabant,
456 1237 621 1300 nostrosque
632 1233 707 1286 intra
717 1235 886 1286 monitiones

76 1299 189 1369 ingredi
208 1300 399 1368 prohibebant.
439 1302 476 1352 At
486 1302 588 1355 milites
603 1301 721 1374 legionis
744 1306 886 1370 septimae,

75 1369 220 1424 testudine
236 1370 311 1424 facts
327 1375 357 1422 et
372 1373 474 1438 aggere
485 1372 520 1424 sd
531 1373 698 1424 munitiones
709 1372 832 1434 adiecto,
847 1372 886 1423 lo·

78 1455 144 1494 cum
166 1446 299 1506 ceperunt
320 1455 423 1510 eosque
438 1457 479 1494 vox
494 1441 570 1493 silvis
587 1441 766 1508 expulerunt,
792 1443 886 1508 paucis

80 1509 243 1562 rulneribus
261 1511 390 1578 acceptis.
426 1509 482 1564 Sed
493 1525 540 1563 eos
552 1511 691 1578 fugientes
700 1511 810 1577 longius
822 1511 887 1562 Cae·

81 1595 129 1632 sar
139 1583 267 1650 prosequi
278 1582 380 1642 vetuit,
398 1586 427 1633 et
437 1581 513 1649 quod
524 1581 577 1632 loci
589 1585 718 1632 naturam
730 1581 887 1648 ignorabat,

81 1655 114 1702 et
126 1650 216 1720 quod,
236 1665 339 1718 magna
353 1651 434 1717 pdrte
448 1651 504 1704 'dici
516 1657 672 1716 consumta,
687 1651 833 1702 munitioni
845 1663 887 1702 ra·

81 1724 323 1786 strorurntonrpus
334 1719 452 1789 relinqui
463 1721 583 1773 volebat.
873 1731 877 1738 ·

117 1789 151 1840 Χ.
169 1789 308 1842 Postridie
321 1792 380 1842 eius
392 1790 446 1842 diei
457 1807 538 1844 mnne
549 1791 690 1859 tripartito
703 1790 802 1844 milites
813 1791 886 1860 equi·

81 1866 178 1928 terque
194 1859 443 1928 in'exp'cditiosonr
459 1862 548 1920 misit,
567 1868 600 1914 ot
610 1861 672 1924 eos,
689 1865 735 1930 qui
748 1857 886 1930 fugerant,

82 1937 326 2004 persequerentur.
359 1931 413 1982 llis
424 1931 594 2003 aliquantum
607 1933 715 1984 itineris
726 1932 886 2000 progressis,

82 2013 168 2066 quum
178 2001 232 2050 iarn
245 2002 360 2053 extremi
372 2006 466 2054 essent
476 2004 505 2052 in
515 2007 677 2069 prospectu,
699 2005 805 2071 equites
815 2013 840 2051 a.
851 2001 886 2062 Q.

84 2069 162 2123 strio
174 2068 210 2120 sd
221 2069 366 2124 Caesarem
377 2077 527 2136 venerunt,
549 2073 598 2140 qui
608 2073 784 2134 nunciarent,
806 2081 887 2136 supe·

85 2141 161 2192 riore
175 2144 272 2203 noae,
294 2143 414 2195 marimo
430 2146 527 2196 coorta
537 2145 716 2208 tempestate,
734 2155 820 2208 prope
831 2153 887 2189 orn-
921 2182 923 2186 ,

84 2225 134 2262 nes
144 2224 227 2262 nares
236 2209 364 2265 addictas
375 2219 458 2282 atque
469 2214 498 2264 in
510 2211 592 2264 litore
603 2213 706 2264 eiectas
716 2225 790 2273 esse;
805 2207 888 2276 'quod

86 2295 172 2347 neque
182 2283 303 2334 noemae
314 2282 451 2354 funesque
465 2282 663 2344 subsisterent,
684 2295 773 2348 neque
784 2283 888 2330 nautae

86 2350 341 2420 gubernatoresque
356 2353 410 2404 nim
426 2352 483 2419 pati
499 2349 673 2416 tempestatis
688 2354 815 2416 possents
837 2350 886 2398 its·

87 2427 186 2486 queen
203 2434 237 2472 oo
250 2435 389 2473 concurso
404 2422 514 2474 narium
524 2433 655 2488 magnum
665 2433 726 2472 esse
736 2421 886 2472 incommo-

87 2489 309 2556 dumacceptunr.
360 2509 362 2516 ⁴
756 2489 759 2494 “
854 2503 856 2510 ’

118 2558 167 2612 Xl.
194 2560 246 2611 llis
267 2561 351 2612 rebus
367 2559 498 2632 cognitis,
524 2561 625 2614 Caesar
640 2558 765 2630 legiones
781 2556 886 2624 equita-

88 2635 197 2700 tumque
212 2629 337 2682 revocari
352 2636 435 2704 atque
450 2633 552 2684 11111111
565 2631 700 2684 desistere
715 2629 805 2692 iubet3
826 2629 886 2696 ipse

88 2700 121 2752 sd
130 2715 213 2754 naves
224 2704 386 2754 revertitur:
408 2701 505 2754 endem
517 2700 589 2766 lere,
610 2705 727 2770 quaeex
738 2697 844 2751 nunciis
855 2695 886 2747 ll·

88 2774 400 2843 “ffilffifflffl'fflis
417 2785 514 2830 101811
525 2773 668 2842 perspicit,
689 2773 728 2824 sic
738 2775 783 2832 111,
805 2769 884 2820 smls·
