2152 3144
380 189 530 242 LIBER
564 191 621 242 111.
852 191 902 245 357

103 293 206 348 elensis·
221 291 307 359 legio,
325 295 474 348 coniuncta
494 307 560 364 curn¹
576 291 738 344 cohortibus
760 295 906 362 Hispanis,

103 379 169 434 quas
189 363 364 414 transductae
387 357 427 413 ab''
442 362 557 414 Afranio
579 359 731 426 docuimus,
753 364 781 413 in
804 364 905 432 dextro

102 449 186 486 cornu
204 437 285 484 eraut
305 432 465 484 collocatae.
500 433 561 484 llas
571 431 749 484 firmissimas
757 449 788 484 se
800 432 904 488 habere

93 502 248 574 ,Pompeius
260 503 447 553 existimabat.
458 501 590 568 Reliquas
600 505 674 554 iuter
686 504 772 554 aciem
784 504 903 555 mediam

94 585 259 639 ¹cornuaque
270 571 459 634 interiecerat,
476 586 646 639 numeroque
658 570 788 624 cohortes
800 574 848 625 CX
860 589 906 625 cx-

102 643 235 711 plcrerat.
270 640 350 694 Haec
360 647 441 691 erant
452 641 528 691 milio
538 641 630 704 XLV,
641 646 818 692 evocatorum
829 646 905 695 circi-

101 719 145 762 ter
156 709 220 771 duo,
232 724 303 776 quac
312 710 535 762 exbeneliciariis
547 712 721 776 superiorum
732 714 905 764 exercituum
936 761 943 772 ,

9 832 10 844 2
97 779 137 846 ,ad
159 794 221 830 eum
243 785 445 843 conuenerant-3
458 795 536 850 quae
559 786 621 832 totu
641 782 701 831 acia
723 780 905 846 disperserat.

102 848 232 915 Reliquas
248 847 378 901 cohortes
394 854 500 918 septem
517 851 615 901 castris
629 851 846 920 propinquisque
863 867 906 903 ca·

104 917 194 970 stellis
210 918 350 985 praesidio
365 919 550 987 disposuerat.
587 919 723 971 Dextrum
742 935 827 972 cornu
845 923 906 973 eius

102 988 178 1040 rivus
200 988 311 1054 quidam
333 989 473 1056 impeditis
494 991 737 1057 ripismuniebat:
766 1007 848 1058 quam
872 993 906 1043 ob

99 1071 227 1122 ,caussam
239 1065 366 1109 cunctum
380 1061 543 1126 equitatum,
563 1061 726 1126 sagittarios
737 1059 906 1113 funditores-

103 1143 155 1194 quc
167 1141 273 1190 curuos,
287 1129 315 1177 iu
326 1130 440 1180 sinistro
453 1145 539 1180 cornu
551 1131 698 1180 obiecerat.

100 1259 104 1267 ³
155 1197 306 1248 Lxxxlx.
326 1199 436 1262 Caesar,
459 1199 588 1264 superius
604 1199 760 1249 institutum
782 1215 906 1262 servans,

103 1266 238 1318 dc'cimam
254 1265 393 1334 legionem
410 1269 439 1319 in
455 1269 554 1320 dextro
569 1283 669 1329 cornu,
689 1283 790 1318 noriam
802 1270 830 1318 in
842 1271 909 1319 siui-

102 1340 161 1387 stro
174 1335 369 1399 collocaverat,
381 1338 494 1389 tametsi
505 1343 566 1389 erat
576 1335 781 1403 Dyrrhachinis
793 1339 906 1404 procliis

101 1404 284 1457 uehementer
300 1406 459 1458 adtenuata.
494 1408 569 1457 Huic
581 1409 620 1458 sic
632 1407 760 1457 adiunxit
772 1413 906 1470 octavum,
968 1403 970 1407 ’

101 1480 134 1524 ut
150 1489 238 1540 paone
253 1490 337 1527 uuam
354 1491 388 1527 ex
404 1477 511 1528 duabus
528 1475 660 1537 officeret,
681 1483 767 1543 atque
789 1478 906 1527 alteram
969 1520 971 1524 .

102 1543 184 1598 alteri
195 1545 407 1616 praesidiolcsse
420 1547 549 1608 iusserat.
577 1543 711 1597 Cohortes
723 1546 750 1595 in
762 1547 820 1596 acic
831 1554 906 1597 octo·

101 1614 182 1682 ginta
193 1617 359 1674 constitutas
375 1613 506 1678 habebat,
529 1629 601 1682 quae
609 1630 717 1666 stimma
729 1621 789 1666 erat
801 1616 906 1667 milium

100 1683 189 1739 XXll.
227 1681 442 1736 Cohortesduas
458 1687 558 1738 castris
579 1685 720 1752 praesidio
741 1685 905 1753 reliquerat.

101 1747 223 1808 Sinistro
234 1769 320 1805 cornu
330 1756 494 1819 Antonium,
518 1755 616 1806 dextro
629 1753 658 1805 P.
671 1753 793 1818 Sullam,
813 1755 907 1806 media

100 1824 161 1875 acic
179 1825 226 1874 Cn.
237 1824 391 1876 Domitium
407 1830 622 1893 praeposuerat:
641 1825 700 1890 ipsc
714 1831 812 1876 contra
826 1825 906 1878 Pom·

98 1895 192 1962 poium
205 1895 338 1958 constitit.
357 1893 509 1958 Simul,his
521 1896 604 1945 rebus
615 1895 823 1959 animaduersis,
837 1911 905 1964 quas

100 1963 361 2028 demonstravimus,
381 1967 493 2029 timeus,
512 1980 547 2016 ne
559 1981 576 2015 a
586 1963 765 2016 multitudine
778 1967 903 2034 equitum

99 2032 229 2084 doxtrum
250 2049 336 2086 cornu
351 2036 612 2097 circumveniretur,
634 2035 763 2086 celeriter
775 2049 810 2086 ex
820 2037 905 2086 tertia

99 2103 159 2153 acie
171 2103 295 2170 singulas
307 2103 436 2156 cohortes
448 2105 569 2156 detraxit
581 2110 665 2171 atque
677 2119 712 2155 ex
722 2102 765 2155 his'
778 2111 904 2172 quartam

98 2172 223 2246 instituit
238 2175 428 2240 equitatuique
447 2175 577 2241 opposuit
593 2180 630 2235 ct,
652 2173 718 2241 quid
735 2175 795 2224 lieri
810 2173 904 2235 vellet,

100 2240 224 2292 ostendit
236 2245 405 2309 monuitque,
422 2246 481 2294 eius
492 2243 546 2292 diei
556 2243 700 2294 victoriam
711 2243 741 2292 in
753 2258 848 2294 earum
861 2257 904 2294 co·

99 2307 222 2360 hortium
234 2312 337 2362 virtute
349 2319 485 2364 constare.
505 2310 594 2363 Simul
602 2313 705 2362 tertiae
718 2313 786 2363 acici
798 2313 904 2378 totique

100 2380 235 2432 exercitui
247 2381 407 2446 imperarit,
428 2397 462 2433 ne
474 2383 581 2431 iniussu
595 2395 646 2432 suo
657 2391 848 2434 concurreret:
865 2397 905 2446 se,

100 2464 184 2518 quum
197 2449 226 2500 id
238 2448 299 2501 sieri
310 2449 402 2514 vellet,
418 2450 521 2502 vexillo
533 2451 641 2517 signum
654 2450 792 2502 daturum.
833 2475 835 2480 v

151 2519 208 2571 XC.
226 2520 386 2572 Exercitum
408 2536 492 2588 quum
508 2519 625 2590 militari
642 2535 718 2572 more
733 2521 768 2572 ad
783 2537 903 2589 pugnam

98 2589 306 2654 cohortaretur,
328 2605 432 2660 suaque
446 2593 474 2642 in
488 2606 549 2642 curn
562 2593 688 2659 perpetui
698 2595 833 2660 temporis
845 2593 902 2644 olli·

97 2662 140 2713 cia
152 2659 337 2732 praedicaret,
358 2661 387 2712 iu
400 2662 494 2728 primis
506 2663 742 2726 commemoravit,
754 2663 866 2714 testibus
877 2679 903 2715 sc

97 2730 230 2784 rnilitibus
241 2730 282 2784 oti
293 2746 380 2798 posse,
391 2735 492 2800 quanto
503 2731 591 2784 stadio
601 2749 696 2800 parem
705 2733 824 2800 petisset,
835 2749 902 2800 quae

890 3014 1051 3114 ξι
