2124 3154
169 156 222 212 526
359 159 362 168 ‘
389 158 418 207 C.
436 156 542 210 thll
562 155 769 214 CAESABlS

170 263 291 313 maxime
302 266 394 314 autem
406 260 440 312 de
451 261 541 313 Bruto
553 267 663 313 nostro:
683 260 718 312 de
730 275 784 329 quo
796 261 913 330 quidem
926 265 989 333 ille,

171 331 299 400 adquam
312 331 429 394 deverti,
449 330 595 383 Caesarem
616 331 732 382 solitum
754 331 858 396 dicere,
881 333 990 406 Magni

170 400 267 472 refert,
288 400 331 452 laic
341 399 406 468 quid
415 399 494 452 velit.-
512 401 560 452 secl
569 399 700 468 quidquid
713 401 793 463 volet,
808 405 888 456 adde
898 409 990 460 solet:

171 471 256 538 idque
267 486 330 522 eum
342 469 579 533 animadvertisse,
590 485 653 522 eum
665 486 716 538 pro
726 471 866 524 Deiotaro
876 473 989 530 Niceae

173 541 289 603 dixerit,
308 539 389 592 valde
400 538 581 592 vehementer
592 555 655 592 oum
667 541 756 592 visum
768 546 797 592 et
807 541 900 597 libere
912 544 989 600 dioe-

172 625 212 661 re.
232 606 287 662 cte.
299 609 343 661 lib.
357 608 398 662 ll.
409 609 445 662 etl
453 608 585 672 Atticam,
597 625 638 676 ep.
651 608 675 660 l.
771 631 777 662 a

224 678 354 732 Proxime
369 694 431 731 eum
447 677 536 730 Sextii
557 684 659 746 rogatu
679 679 753 747 apud
773 695 838 732 eum
855 681 988 749 fuissem,

173 755 420 817 exspectaremque
430 748 637 816 sedens,quoad
649 763 775 812 roearer,
787 751 895 804 dixisse
906 769 986 806 eum:

172 817 235 886 Ego
246 818 372 880 dubitem,
392 817 456 884 puin
465 833 565 870 streame
576 816 636 869 odio
646 817 705 882 sim,
715 835 776 870 eum
786 819 824 870 Μ.
838 816 941 875 ciem
950 843 989 876 se-

173 889 246 949 deat,
256 904 305 940 aec
315 897 362 940 suo
373 888 504 940 cenrmorlo
515 903 554 939 me
566 887 707 941 conuenire
712 888 817 959 possit?
843 889 949 960 Atqui,
966 895 991 946 si

174 956 314 1025 qnisquam
330 965 370 1008 est
379 956 486 1028 facilis,
501 955 544 1008 lsie
554 966 610 1009 est:
630 966 720 1012 tornea
732 976 785 1012 uon
795 959 901 1026 debito,
918 965 989 1032 quis

173 1026 398 1092 neenroleoderit.
427 1025 599 1079 Cie.ibidem.
989 1083 993 1090 ,

225 1095 334 1159 Aiebat,
347 1097 494 1149 Caesarem
506 1111 611 1160 seeum,
632 1113 687 1166 quo
697 1103 825 1166 tempore
837 1099 931 1153 Sextii
942 1119 991 1155 ro·

174 1172 243 1234 gaiu
253 1169 315 1218 veni
328 1167 446 1229 adeum,
467 1181 528 1216 com
541 1173 730 1233 exspectarem
741 1169 853 1233 sedens,
863 1171 989 1226 dixisse:

173 1235 237 1304 Ego
247 1253 319 1290 anne
329 1245 386 1287 tam
396 1236 447 1287 sine
458 1236 567 1299 strutus,
588 1245 619 1288 nt
630 1235 700 1289 dune
709 1237 805 1304 ipsunt,
810 1240 931 1310 facilem
942 1241 989 1294 lo-

174 1305 280 1369 miaem,
295 1315 386 1374 potent
397 1305 463 1357 areldi
479 1321 546 1356 esse
559 1305 674 1358 eraricum
703 1323 764 1359 eum
775 1309 881 1362 teredio
891 1313 989 1365 aedem

174 1393 261 1428 arreum
280 1375 441 1428 cornrrrodune
461 1377 612 1444 exspectet?
636 1373 703 1440 ,Cre
723 1377 771 1430 tit.
788 1377 831 1430 14.
843 1380 882 1432 ad
897 1380 988 1434 Mtte.

175 1445 251 1512 epist.
262 1446 287 1496 2.
533 1459 535 1464 ’
692 1446 694 1450 ’

228 1517 289 1579 Quo
301 1516 518 1584 gaudioelatus‚
538 1529 594 1566 non
605 1518 780 1582 temperavit,
801 1518 869 1584 quin
877 1533 989 1585 paueos

175 1593 239 1654 post
251 1585 311 1638 dies
323 1585 464 1654 frequenti
475 1587 553 1638 curia
562 1587 688 1648 iactaret,
699 1587 795 1638 invitis
807 1594 835 1638 et
845 1593 989 1654 gementi-

174 1657 226 1708 bus
237 1657 402 1708 adversariis
414 1657 546 1724 adeptum
557 1670 586 1706 se
598 1670 670 1724 quae
682 1657 869 1723 concupisset:
890 1663 989 1724 proin-

176 1727 210 1777 de
221 1741 254 1777 ex
267 1742 300 1778 eo
311 1725 513 1778 insultaturum
524 1725 644 1777 omnium
654 1725 802 1792 capitibus:
815 1742 847 1778 ac
858 1738 989 1796 negante

175 1795 294 1862 quodam
306 1811 356 1861 per
368 1796 578 1856 contumeliam,
586 1793 681 1846 Facile
692 1794 742 1848 leae
752 1795 932 1867 altiferas'aae
938 1801 991 1872 so·

174 1881 223 1925 τες
240 1864 419 1930 responderit
438 1867 517 1932 quasi
538 1864 678 1915 alludens:
696 1864 731 1916 ln
747 1863 859 1935 Assyria
878 1883 964 1937 quoq:
982 1889 990 1920 r

175 1943 302 2004 regnasse
314 1933 476 1987 Senes'ramin
482 1951 493 1995 ;
503 1949 680 2002 magnamque
691 1933 774 1986 Asiae
785 1945 892 2002 partem
899 1937 990 1992 Ams-

175 2021 255 2058 soaas
267 2003 384 2057 tenuisse
394 2005 537 2072 quondam.
556 2003 630 2056 Suet.
642 2003 671 2056 s'n
683 2001 713 2054 0.
727 2002 804 2056 Caes.
816 2021 875 2074 eap-
885 2008 931 2060 22

231 2107 392 2160 Phar-salies
412 2109 471 2160 aeia
492 2123 589 2162 caesos
611 2107 832 2178 profligatosque
852 2111 991 2168 adrass-

177 2184 235 2233 rios
247 2180 477 2248 prospicientem,
497 2178 641 2246 baeeeam
652 2179 812 2232 adraldum
824 2179 930 2236 dixisse
944 2201 992 2238 re-

176 2251 233 2304 fert
243 2252 353 2304 Asinius
364 2248 468 2303 Pollioz
486 2247 715 2302 Hocrelaerunt:
733 2250 820 2304 tentis
838 2251 925 2305 rebus·
934 2272 990 2326 ge.

175 2321 225 2375 stis
237 2318 269 2374 C.
282 2317 384 2372 Caesar
393 2321 584 2374 condensatus
594 2333 683 2382 essem,
693 2319 748 2372 nisi
757 2320 792 2372 αὖ
803 2322 928 2376 exereittr
936 2339 992 2378 au·

176 2390 427 2458 xitiumpetiirsem.
457 2390 531 2443 Suet.
543 2385 573 2442 ὄπ
585 2387 661 2442 Caes.
671 2388 784 2458 eumilo.

229 2496 455 2562 Consecutusque
474 2493 603 2546 cohortes
622 2495 658 2547 ad
673 2495 846 2550 Rubiconem
865 2496 987 2565 flumen,

175 2566 222 2629 qui
232 2564 394 2630 provinciae
405 2565 466 2615 eius
481 2562 545 2615 finis
556 2569 627 2627 erat,
638 2566 780 2632 paululum
792 2569 930 2634 constitit,
950 2585 988 2622 ao

173 2637 323 2696 reputans,
345 2638 478 2698 quantum
493 2633 652 2696 moliretur,
674 2649 826 2687 conversus
841 2637 989 2704 adproxi-

175 2711 245 2759 mos,
263 2699 359 2752 Etiam
370 2716 450 2764 natac,
465 2701 567 2768 inquit,
587 2704 697 2772 regredi
707 2720 856 2773 postrenus.
876 2710 952 2776 praed
961 2709 988 2762 si
