2134 3148
197 131 248 182 soc
377 130 407 180 s.
427 127 573 183 urnam
594 129 650 180 ua
670 115 813 181 annno

195 234 310 302 equites
321 231 420 297 CCCC,
450 231 609 284 funditores
624 232 822 304 sagittariique
842 233 922 296 mile,
933 239 937 244 ’
947 249 1007 287 uno

195 309 349 356 commeatu
364 305 474 356 Caesari
491 309 682 354 occurrerunt.
718 303 816 371 ltaque
832 303 951 355 cumbis
965 319 1009 355 co·

194 377 248 443 piis
260 380 289 425 et
299 375 425 426 omnibus
436 373 591 440 legionibus
603 373 725 437 eductis,
746 375 820 425 sicut
831 379 893 425 erat
903 375 1010 426 instru-

195 452 271 506 ctus,
301 449 364 495 octo
378 443 488 494 milibus
500 457 630 510 passuum
641 443 675 494 ab
687 443 747 494 suis
758 444 874 508 castris,
891 445 935 494 'ab
952 443 1010 495 Sci·

194 517 286 583 pionis
297 527 362 565 vero
374 519 494 582 quatuor
507 513 619 567 milibus
630 527 763 581 passuum
780 513 866 584 longe
877 513 1011 566 constitit

196 588 293 638 ineam
316 599 341 635 o.
404 591 406 597 “
825 594 828 602 ·

250 599 402 707 Lxliiviil.
420 653 489 704 Erat
507 652 638 721 oppidum
657 649 730 703 infra
749 657 841 704 castra
858 651 1010 721 Scipionis,

160 744 162 749 ·
198 727 309 777 nomine
328 725 440 791 Tegea,
470 723 519 774 ubi
540 721 711 790 praesidium
738 728 870 790 equestre
894 723 1010 775 circiter

198 795 285 846 CCCC
296 808 412 845 numero
430 791 532 844 habere
551 799 708 844 consuerat.
743 793 785 843 Eo
798 795 926 859 equitatu
940 793 1010 844 dex·

198 871 243 917 tra
252 863 423 930 sinistraque
434 862 539 913 directo
551 862 585 912 ab
597 861 690 929 oppidi
701 861 856 926 lateribus,
877 864 949 930 ipse,
971 863 1010 914 ie-

197 934 327 1005 gionibus
349 946 383 983 ex
398 932 498 983 castris
515 931 622 982 eductis
638 936 722 1001 atque
738 932 767 982 in
783 931 850 1000 iugo
866 931 1009 1002 inferiore

197 1003 355 1065 instructis,
373 1015 429 1051 non
444 1001 555 1069 longius
567 1000 628 1052 iere
639 1002 705 1052 mile
717 1001 817 1068 passus
829 1003 864 1053 ab
876 1003 936 1053 suis
948 1018 1009 1053 mu-

198 1073 350 1128 nitionibus
362 1085 542 1140 progressus,
568 1069 668 1122 inacie
679 1072 816 1123 constitit.¹
853 1071 1008 1138 Postquam

199 1144 302 1196 diutius
317 1143 346 1192 in
362 1156 419 1192 uno
437 1141 497 1191 l'oco
509 1139 601 1206 Scipio
618 1141 844 1192 commorabatur
854 1147 882 1193 et
893 1147 1007 1210 tempus
1051 1205 1052 1210 Ἰ

198 1215 254 1267 diei
264 1213 293 1264 in
306 1211 365 1263 otio
381 1210 614 1274 consumebatur3
646 1209 749 1262 Caesar
761 1213 885 1279 equitum
896 1218 1007 1264 turmas
1051 1215 1052 1286 ᾗ

198 1297 311 1338 suorum
323 1280 402 1332 iubet
414 1281 442 1331 in
455 1279 577 1332 hostium
589 1281 755 1347 equitatum,
766 1281 813 1348 qui
826 1281 860 1332 ad
872 1282 1007 1349 oppidum
1051 1293 1052 1360 q

199 1357 227 1405 in
239 1354 359 1406 statione
372 1355 441 1412 erat,
457 1349 549 1402 facere
560 1351 788 1417 impressionem
805 1351 953 1418 levemque
966 1367 1008 1403 ar·
1051 1361 1052 1374 ¹

199 1430 353 1485 maturam,
378 1419 543 1490 sagittarios
553 1419 766 1488 funditoresque
778 1420 876 1472 eodem
887 1423 1009 1473 submit·

117 1541 120 1546 .
198 1496 244 1547 tit.
281 1492 362 1556 Quod
378 1491 425 1543 ubi
441 1496 568 1556 coeptum
585 1496 628 1540 est
643 1487 707 1541 fieri
724 1495 752 1540 et
764 1491 843 1558 equis
856 1492 1008 1544 concitatis
1051 1501 1052 1517 ¹

200 1563 302 1616 iuliani
313 1563 446 1630 impetum
458 1559 605 1623 iecissent3
618 1558 747 1610 Pacidius
759 1574 824 1610 suos
836 1561 949 1628 equites
961 1577 1008 1614 er-

200 1636 341 1703 porrigere
352 1631 443 1698 coepit
454 1632 482 1680 in
493 1628 707 1698 longitudinem,
728 1633 760 1679 ut
771 1627 906 1682 haberent
916 1629 1010 1684 fecul-

199 1709 286 1755 tatem
301 1707 408 1766 turmas
424 1699 545 1751 iulianas
560 1697 743 1750 circumfundi
758 1704 788 1750 et
803 1699 891 1752 nihilo
912 1704 1008 1754 minus

200 1773 348 1824 fortissime
364 1769 554 1836 acerrimeque
569 1784 702 1836 pugnare.
738 1769 819 1832 Quod
835 1770 884 1820 ubi
899 1771 1010 1824 Caesar

199 1840 407 1902 animadvertit,
427 1844 583 1901 trecentos,
604 1853 673 1906 quos
686 1853 720 1890 ex
730 1838 888 1906 legionibus
897 1838 1008 1894 babere

200 1912 344 1979 expeditos
356 1913 546 1971 consueverat,
567 1922 603 1960 ex
613 1909 739 1976 proxima
750 1909 874 1976 legione,
893 1926 970 1978 quae
982 1913 1008 1964 ei

197 1981 308 2050 'proelio
315 1981 343 2031 in
350 1979 409 2030 acie
416 1981 589 2042 constiterat,
600 1979 821 2047 iubetequitatui
829 1995 1008 2033 succurrere

202 2053 340 2104 habienus
360 2048 471 2101 interim
492 2050 550 2100 suis
576 2048 716 2116 equitibus
736 2048 841 2100 auxilia
860 2055 1009 2119 equestria

201 2123 365 2176 submittere
376 2119 534 2187 sauciisque
552 2131 584 2170 ac
595 2119 757 2186 defatigatis
767 2119 896 2188 integros
908 2135 1009 2173 recen·

201 2187 831 2259 tionibusqueviribusequitessubministrare.
851 2189 1008 2259 Postquam
1050 2191 1051 2249 i

202 2265 311 2333 equites
321 2259 424 2315 iuliani
435 2258 522 2310 CCCC
531 2259 585 2309 vim
598 2255 729 2321 hostium,
750 2256 785 2308 ad
796 2264 917 2326 quatuor
929 2263 1009 2313 nriiia

202 2348 330 2394 numero,
361 2329 501 2381 sustinere
517 2343 571 2380 non
584 2333 714 2396 poterant
728 2333 758 2379 et
767 2341 784 2378 a
793 2327 848 2380 levi
861 2337 1009 2384 armatura

201 2403 381 2460 Numidarum
397 2399 614 2450 numerabantur
624 2399 837 2467 minutatimque
850 2400 1006 2465 cedebant3

200 2477 304 2527 Caesar
314 2471 430 2522 alteram
443 2468 515 2518 alam
524 2469 625 2531 mittit,
647 2466 692 2535 qui
703 2470 895 2535 satagentibus
906 2470 1007 2523 celeri-

199 2551 245 2596 ter
255 2543 441 2594 occurrerent.
477 2537 539 2598 Quo
554 2536 629 2588 iacto
644 2537 687 2586 sui
704 2537 807 2588 sublati
817 2541 952 2602 universi,
976 2543 1006 2592 ia

199 2609 294 2670 hostes
305 2606 487 2672 impressione
498 2605 580 2668 iacta,
591 2608 620 2656 in
632 2604 724 2672 fugam
737 2606 1008 2664 adversariosdede·

203 2685 280 2747 runt,
300 2676 394 2731 multis
406 2673 517 2737 occisis,
537 2674 724 2741 compluribus
738 2675 905 2730 vulneratiae
928 2679 993 2732 inse
