2150 3124
89 245 91 250 ,
159 181 196 236 or
348 181 406 234 uu
424 179 566 235 suono
587 181 773 236 oruurco

159 286 325 354 Nantuatis,
345 285 487 354 Veragros
503 283 686 356 Sedunosque
700 287 788 350 misit,
806 287 852 355 qui
862 287 897 338 ab
907 287 973 338 fini-
1058 279 1059 296 ²

160 357 401 424 busAllobrogum
418 361 447 407 et
461 354 523 406 lecu
533 356 676 408 Lemanno
692 361 721 408 et
736 355 849 408 flumine
859 355 973 406 ltbodn·

160 427 244 480 nouo
254 427 375 476 summas
385 425 468 492 Alpes
477 426 626 492 pertinent.
655 424 973 486 Caussamittendiluit,
1058 437 1059 464 1

152 495 237 566 'quod
254 497 310 548 ‘iter
328 509 378 562 per
387 495 486 561 Alpes,
508 510 561 563 quo
582 510 682 564 rrragno
697 511 760 547 cum
775 494 896 562 periculo
910 508 972 544 mu·
1044 544 1049 550 ,

159 568 278 634 'gnisque
288 571 350 616 cum
361 565 492 632 portoriis
501 571 669 628 mercatores
680 566 719 618 ire
731 569 911 626 consuerant,
920 577 975 630 pu«

159 637 252 689 'telieri
266 635 384 687 uolebat.
419 635 493 686 Huic
507 637 645 701 permisit,
664 635 688 685 si
704 647 772 702 opus
783 651 842 687 esse
853 634 973 685 arbitro

161 710 256 768 retur,
278 707 319 756 uti
335 706 364 754 in
379 705 419 756 eis
429 704 497 756 locis
507 704 645 772 legionem
657 703 796 756 hiemandi
807 719 905 756 caussa
913 702 973 754 col·

161 775 279 828 locaret.
316 775 418 836 Galba,
434 774 562 833 secundis
572 774 679 842 aliquot
687 775 801 840 proeliis
813 773 907 835 luctis,
927 780 973 828 ot·

158 844 307 912 istellisque
322 844 508 909 compluribus
524 858 620 894 eorum
635 846 813 911 expugnatis,
833 843 923 894 missis
934 834 974 906 ud

164 913 356 981 esrmundique
368 912 467 980 legetis
478 911 673 979 obsidibusque
685 913 758 969 datis
769 919 798 965 et
808 927 876 978 pace
886 912 973 973 sacta,
1045 963 1049 972 ,

162 984 321 1046 constituit,
339 980 460 1038 cohortis
474 979 543 1031 dues
557 979 783 1032 imNarituutibus
795 981 974 1034 collocasset

161 1055 222 1119 ipse
237 1066 298 1102 cum
313 1051 427 1117 reliquis
437 1051 496 1102 cius
507 1050 623 1118 legionis
633 1049 796 1102 cohortibus
806 1053 835 1102 in
845 1053 905 1102 rico
916 1051 972 1103 Ve-

146 1135 323 1188 ¹rugrorum,
341 1121 387 1188 qui
402 1118 560 1186 adpellutur
569 1119 742 1185 Octodurus,
763 1119 899 1172 hiemare:
924 1121 972 1187 qui

161 1193 253 1252 ricus,
273 1191 379 1256 positus
393 1190 423 1240 in
437 1188 524 1253 velle,
544 1204 599 1240 non
610 1205 710 1257 magno
725 1191 833 1242 adiectu
843 1191 972 1256 planicie,

164 1261 309 1313 ultissimis
328 1260 467 1311 montibus
481 1259 602 1327 undique
617 1261 783 1311 continetur.
819 1261 912 1322 Quum
927 1257 972 1310 hic

163 1333 195 1382 iu
211 1331 280 1382 duas
294 1334 387 1396 partes
400 1327 513 1380 ssumine
528 1328 711 1392 divideretur,
730 1329 848 1382 alterum
863 1334 971 1396 partem

166 1403 227 1454 clus
245 1401 299 1450 rici
310 1398 397 1451 Gallis
420 1399 572 1461 concessit,
592 1398 722 1463 alteram,
741 1415 856 1451 vacuam
871 1399 905 1450 ab
916 1398 971 1448 illis

165 1468 478 1534 relictam,cobort1bus
488 1469 523 1520 erl
532 1466 711 1520 hiemandum
721 1470 864 1522 adtribuit.
901 1468 970 1519 Eum

166 1540 260 1592 locum
271 1539 343 1590 rullo
355 1537 484 1605 fossaque
494 1540 620 1590 munivit.
974 1577 976 1580 .

168 1623 170 1630 ’
219 1610 256 1660 ll.
289 1610 382 1671 Quum
407 1608 467 1659 dics
486 1606 841 1676 lnbernorumcomplures
860 1609 971 1658 transis-

167 1684 232 1730 sent
250 1677 478 1746 frumentumque
494 1692 527 1728 eo
544 1675 710 1743 comportari
725 1681 861 1740 iussisset,
880 1676 970 1727 subito
1010 1719 1013 1722 .

166 1763 218 1816 per
234 1747 426 1814 exploratores
441 1747 544 1798 certior
559 1746 648 1797 factus
663 1753 718 1810 est,
733 1763 767 1799 eu
777 1763 811 1798 eu
821 1746 971 1814 partensi,

94 1857 97 1864 .
167 1827 251 1886 quam
271 1816 359 1867 Gallis
379 1817 566 1878 concesserat,
587 1829 682 1868 omnes
702 1821 787 1868 noctu
806 1816 983 1878 discessisse,

167 1889 343 1954 montesque,
363 1885 410 1952 qui
420 1885 623 1951 impenderent,
639 1887 786 1937 nmaxima
796 1884 970 1937 multitulline

168 1955 341 2008 Sedunorum
362 1958 397 2008 ‘et
415 1953 603 2021 Veragrorum
627 1957 725 2007 teneri.
761 1956 793 2008 ld
813 1957 920 2022 aliquot
937 1954 971 2006 dc

168 2024 275 2082 cu'uss'is
289 2023 442 2086 acciderat,
461 2029 492 2074 ut
506 2025 597 2075 subito
608 2023 683 2075 Galli
697 2024 764 2076 belli
775 2023 925 2082 renovandi
934 2022 971 2076 le·

168 2094 313 2163 gionisque
323 2093 520 2160 opprimendae
531 2094 675 2146 consilium
686 2095 833 2160 caperent:
844 2096 971 2161 primum,

168 2164 243 2233 quod
262 2163 417 2232 legionem,
437 2167 526 2231 neque
546 2178 606 2214 cunr
622 2165 822 2231 plenissimum,
841 2163 972 2215 detractis

169 2233 331 2286 cohortibus
347 2232 467 2294 duobus,
487 2238 516 2286 et
530 2233 717 2300 compluribus
732 2232 905 2302 singillatim,
926 2234 972 2302 qui

169 2301 339 2355 commeatus
359 2302 470 2369 petendi
491 2305 677 2354 caussu'missi
693 2310 785 2368 mant,
804 2303 971 2365 ubscutrbus,

168 2378 282 2441 propter
299 2373 467 2440 paucitatem
482 2371 685 2438 despiciebant:
706 2375 879 2436 tumetium,
900 2372 970 2441 quod

168 2449 282 2510 propter
295 2443 470 2510 iniquitatem
484 2441 550 2504 loci,
568 2455 658 2508 quum
673 2444 726 2509 ipsi
741 2458 776 2495 cx
788 2444 929 2495 nrontibus
942 2443 968 2491 in

167 2511 270 2562 vallem
290 2512 470 2564 decurrerent
488 2516 519 2562 et
533 2511 590 2562 tela
604 2513 785 2577 coniicerent,
806 2529 840 2565 ne
856 2513 969 2580 primuni

189 2581 281 2632 uidem
295 2596 377 2647 posse
392 2584 523 2647 impetum
538 2595 617 2630 suum
628 2584 758 2634 sustineri
770 2583 969 2635 existimabant.

168 2595 335 2711 accedebat,
354 2649 427 2717 quoti
443 2665 508 2700 suos
522 2650 556 2700 ub
571 2663 602 2700 se
618 2651 719 2703 liberos
735 2653 888 2704 abstractos
903 2650 970 2701 obsi·

169 2717 234 2771 tum
248 2719 360 2772 nomine
375 2717 518 2770 dolebubtr
538 2723 566 2770 et
576 2718 716 2780 Romanos
727 2737 783 2776 uon
792 2721 968 2777 solomitiue·
