2124 3154
279 184 612 240 Hispaniensi
806 188 861 242 ibe

56 297 172 359 occupat
191 292 291 355 longas
311 297 341 343 et
358 290 492 358 profugit.
532 289 647 353 Didius,
667 292 714 359 qni
735 291 859 346 Gadibus

54 363 139 416 classi
159 360 336 428 praefuisset,
355 361 401 423 (ad
421 375 503 428 quem
520 360 604 411 simul
620 363 735 412 nuncius
748 360 858 414 adlatus

53 438 105 494 cst,
116 431 261 482 confestim
273 431 353 498 sequi
364 431 468 498 coepit:
481 431 581 496 partim
594 430 734 497 peditatus
745 437 774 481 et
785 434 859 500 equi-

56 508 132 556 tatus
154 501 189 552 ad
209 499 431 567 persequendum
457 499 585 552 celeriter
607 500 663 552 iter
688 499 859 564 faciebants)

55 577 123 626 item
133 576 243 638 quarto,
264 569 309 622 die
325 569 505 636 nauigatione
516 569 655 632 confecta,
678 572 859 638 consequitur

54 657 114 694 eos.
151 640 231 703 Quod
251 640 381 706 imparati
402 655 419 690 a
435 641 547 692 Carteia
565 640 685 706 prefecti
706 643 766 691 sine
788 657 860 708 aqua

56 713 184 773 fuissent,
206 709 241 760 ad
256 715 360 760 terram
375 709 522 777 adplicant.
557 709 633 761 Ilum
644 717 791 777 aquantur,
811 711 859 762 Di·
878 765 880 768 ,

55 782 117 836 dius
128 779 217 832 classe
228 782 360 836 occurrit.
376 793 461 830 nares
472 778 603 841 incendit,
619 779 766 830 nonnullas
778 783 860 846 capit.
875 783 884 816 ·’

55 849 203 916 Pompeius
222 864 284 900 cum
305 852 401 916 paucis
422 849 547 916 profugit
562 854 591 900 et
604 849 696 901 lecum
712 850 859 916 quemdam

54 921 193 972 munitum
205 924 443 984 naturaoccupat.
878 963 882 978 ,

105 989 259 1044 xxxviii.
277 989 394 1057 Equites
415 993 444 1039 et
464 985 602 1050 cohortes,
623 1003 693 1055 quae
713 988 747 1044 ad
767 1005 859 1056 perse·
882 997 888 1021 ¹

54 1059 193 1129 quendum
204 1060 303 1110 missae
315 1063 417 1121 essent,
437 1057 658 1124 speculatoribus
679 1065 745 1111 ante
765 1063 859 1114 missis

54 1131 191 1182 certiores
200 1129 283 1178 fiunt:
303 1127 377 1178 diem
393 1133 423 1179 et
436 1133 547 1178 noctem
560 1130 617 1180 iter
627 1127 743 1180 faciunt.
780 1130 860 1181 Poru-

53 1201 133 1269 pcius
143 1197 260 1249 humero
272 1203 301 1248 et
310 1198 425 1248 sinistro
438 1212 519 1249 crure
535 1196 714 1250 vehementer
726 1205 787 1250 eret
798 1215 859 1251 sau·

54 1272 121 1322 eius.
158 1268 220 1319 Huc
240 1266 398 1329 accedebat,
420 1274 451 1318 ut
471 1268 556 1319 etlam
577 1268 858 1334 talumintorsissets

53 1354 126 1407 quae
147 1353 193 1388 res
208 1338 329 1387 maxime
349 1336 527 1402 impediebat.
563 1339 607 1389 lta
627 1336 725 1389 lectica
740 1353 758 1388 a
771 1345 858 1400 turre,

52 1424 109 1477 qua
119 1413 196 1459 esset
206 1405 326 1467 adlatus,
340 1406 369 1456 in
381 1421 415 1457 ea
426 1404 580 1458 ferebatur.
615 1406 769 1459 Lusitanus
779 1423 857 1460 more

54 1478 186 1540 militari,
206 1490 290 1543 quum
301 1490 318 1527 a
330 1475 457 1528 Caesaris
470 1476 620 1542 praesidio.
631 1475 731 1528 fuisset
744 1491 857 1544 eonspe-

54 1554 130 1610 ctae,
152 1545 281 1598 celeriter
292 1545 419 1612 equitatu
432 1544 650 1613 cohortibusque
667 1547 857 1600 circumcludi-

51 1626 107 1670 tur.
149 1619 220 1668 Erat
239 1629 365 1666 occessus
383 1614 439 1666 loci
459 1614 616 1667 difficultas.
656 1615 725 1668 Nam
744 1616 865 1678 idcireo‚.

53 1686 253 1756 quodpropter
264 1699 329 1735 suos
341 1699 357 1734 a
369 1691 465 1736 nostro
478 1685 620 1751 praesidio
632 1683 733 1737 fuisset
743 1700 857 1752 conspe·

53 1764 123 1818 ctus,
134 1751 266 1808 celeriter
276 1755 412 1806 munitum
425 1754 515 1806 locum
527 1761 639 1818 natura,
650 1771 732 1823 quem
744 1765 857 1823 ceperat

52 1827 107 1880 sibi
116 1826 280 1892 Pompeius,
300 1825 424 1892 quamvis
440 1839 542 1892 magna
552 1824 729 1878 multitudine
746 1825 858 1878 deducti

51 1896 181 1957 bomines
194 1909 229 1946 ex
244 1895 388 1961 superiore
405 1894 467 1947 loco
483 1893 634 1946 defendere
649 1903 774 1962 possent,
793 1899 857 1949 sub-

54 1974 130 2024 eunt.
167 1966 198 2016 ln
218 1965 339 2016 adventu
358 1966 448 2016 nostri
468 1964 646 2032 depelluntur
661 1967 738 2018 tells:
757 1967 857 2034 quibus

54 2035 234 2098 cedentibus,
265 2034 393 2102 cupidius
416 2037 635 2102 insequebantur
654 2036 808 2088 adversarii
829 2045 858 2088 et

53 2104 201 2165 confestim
211 2103 362 2156 tardabant
372 2105 405 2155 ab
415 2120 538 2156 accessu.
574 2105 636 2155 Hoc
651 2107 762 2171 saepius
774 2106 858 2168 facto,

54 2177 338 2241 animadvertebatur,
359 2180 456 2226 nostro
477 2188 580 2241 niagno
593 2173 624 2223 id
637 2172 703 2225 lieri
725 2176 856 2241 periculo.

55 2250 147 2315 Opere
168 2246 381 2298 circummunire
402 2245 537 2306 instituit,
555 2244 615 2309 pari
627 2249 721 2294 autem
733 2245 857 2300 etcelcri

55 2317 235 2370 festinatione
256 2315 530 2366 circummunitiones
547 2315 576 2362 in
592 2315 658 2381 iugo
671 2313 858 2381 dirigunnut

54 2402 143 2454 aequo
155 2385 225 2452 pede
235 2399 295 2435 cum
308 2382 474 2434 adversariis
482 2383 613 2450 congredi
626 2393 749 2449 possent.
767 2383 857 2451 liqui-

53 2459 107 2509 bus
118 2471 201 2524 quum
212 2452 432 2506 animadversum
443 2459 529 2516 esset,
550 2452 618 2520 fuga
626 2453 677 2504 sibi
690 2453 858 2519 praesidium

58 2544 89 2584 ca
108 2529 178 2578 lunt.
833 2567 835 2574 ,
862 2563 864 2568 ,

74 2543 235 2648 'PXXXlX
263 2591 418 2658 Pompeius,
438 2597 576 2660 utsupra
597 2593 858 2658 demonstravimus,

57 2669 166 2720 saucius
177 2671 207 2717 et
215 2667 322 2714 intorto
334 2663 400 2725 talo,
412 2662 516 2715 idcirco
526 2663 691 2716 tardabatur
701 2663 736 2714 ad
748 2664 856 2733 fugien-

57 2738 134 2790 dum:
153 2737 274 2803 itemque
286 2738 400 2801 propter
409 2734 461 2785 loci
473 2732 665 2786 difficultatem
676 2749 765 2803 neque
776 2751 855 2803 equo,

213 2843 216 2847 .
600 2805 653 2856 ti2
