2168 3134
320 243 324 254 «
382 210 578 274 Llssaul,
646 245 676 254 ··
836 201 892 268 Md

87 321 254 391 familiarem
265 315 657 386 nccasanumqusscribonii
667 310 792 372 Libonis,
807 309 895 359 mittit

86 392 124 445 ad
145 407 207 444 cum
229 388 359 457 colloquii
380 403 490 440 caussa:
510 386 633 447 mandat,
652 390 684 434 ut
704 381 839 432 laibonem
857 377 899 430 du

88 459 264 513 concilianda
284 474 352 525 pace
373 457 516 522 hortetur3
534 459 562 508 in
587 455 690 522 primis,
704 457 738 502 ut
757 451 817 516 ipse
832 461 895 498 cum

88 531 232 598 Pompelo»
244 528 466 596 colloqueretur,
486 526 624 594 postulat:
644 534 813 589 magnopere
833 529 900 566 sesa

89 600 231 654 confidere
242 599 433 661 demonstrat,
454 599 478 648 si
490 599 555 649 cius
563 597 602 648 rei
617 597 654 646 sit
669 596 794 659 potestas
811 587 896 646 tacta,

74 669 172 732 lore,
190 676 222 720 ut
234 668 329 736 aequis
349 668 553 720 conditionibus
569 667 602 716 ab
618 657 703 714 armis
725 658 901 711 discedatur-z.-

91 741 169 792 cuius
179 739 220 789 rei
232 753 359 806 niagnam
369 745 478 805 partem
489 737 580 788 laudis
591 740 674 802 atque
685 726 898 782 existimationis

93 809 130 862 ad
149 808 285 862 Libonem
306 813 520 874 perventuram,
545 808 583 868 si,
607 805 657 856 illo
675 803 792 853 auctore
813 803 901 862 atque

93 885 205 948 agente,
227 879 262 929 ab
278 880 362 928 arinis
378 879 415 928 sit
430 878 593 929 discessum.
623 873 708 934 Libo,
728 885 745 920 a
759 865 899 934 colloquio

1 1009 2 1014 ,
94 950 203 1002 Caninii
213 947 368 1016 digressus,
379 948 414 998 ad
426 947 587 1014 Pompeium
599 943 794 1012 proficiscitur:
806 934 900 1004 paullo

93 1024 159 1088 post
170 1019 322 1081 renunciat,
342 1017 414 1086 quod
422 1019 541 1069 carcerales
551 1015 650 1075 absint,
661 1011 717 1065 tiae
726 1008 780 1061 illis
791 1009 823 1059 de
832 1017 901 1058 com·

92 1087 226 1160 positione
235 1087 284 1157 agi
293 1105 346 1140 uon
358 1104 444 1155 posto.
479 1089 523 1138 lta
533 1087 644 1152 saepius
655 1097 713 1134 reru
725 1079 832 1138 frustra
841 1081 902 1126 tem

95 1164 184 1210 tatam
197 1159 300 1208 Caesar
310 1158 461 1226 aliquando
472 1153 663 1208 dimittendam
683 1150 737 1206 sibi
756 1148 861 1199 iudicat
871 1148 901 1194 ct

96 1228 215 1282 debello
225 1243 242 1277 a
263 1228 373 1278 cndu-m.

104 1317 113 1360 j
149 1242 261 1350 XXVI?
280 1295 371 1365 Prope
382 1297 495 1348 dimidia
509 1299 590 1363 parte
602 1293 693 1360 operis
705 1306 722 1342 a
732 1288 853 1339 caesare
863 1280 902 1334 ef·

97 1367 185 1429 secta,
205 1367 358 1436 diebusque
370 1369 398 1418 in
410 1383 443 1418 ea
453 1382 482 1418 re
493 1367 644 1416 consumtis
655 1375 762 1420 norem,
782 1359 903 1414 nareae

98 1436 257 1492 consulibus
268 1435 445 1504 Dyrrhachio
456 1437 602 1497 remissae,
624 1446 694 1500 quae
709 1429 831 1495 priorem
842 1436 904 1489 par-

99 1513 156 1560 tem
169 1508 353 1559 exercitus-eo
365 1507 593 1573 deportaverant,
614 1499 794 1553 Brundisium
813 1499 906 1544 rever*

99 1583 205 1629 rantur.
232 1575 388 1642 Pompeius,
401 1579 458 1627 sire
471 1574 602 1641 operibus
615 1569 740 1622 Caesaris
752 1568 905 1634 pennotus,

100 1650 159 1698 sire
174 1647 257 1698 etiam
273 1646 349 1713 quod
363 1647 397 1698 ab
411 1642 584 1696 initioltalia
600 1639 737 1692 excedere
755 1633 906 1686 constitue-

101 1723 156 1779 rat,
166 1715 286 1768 adventu
299 1719 407 1766 narium
420 1713 620 1782 profectionem
631 1722 731 1776 parare
742 1703 850 1771 incipit:
868 1706 906 1768 et,
988 1765 992 1772 ἱ

102 1803 156 1856 quo
174 1785 284 1836 facilius
294 1789 426 1852 impetum
439 1784 565 1836 Caesaris
578 1780 718 1842 tardaret,
739 1791 774 1828 ne
784 1774 834 1825 sub
846 1773 908 1838 ipsa

102 1855 275 1926 proiectione
286 1856 389 1907 milites
402 1847 532 1922 oppidum
543 1851 738 1918 irrumperent,
752 1850 848 1914 portas
860 1841 907 1891 ob·

102 1928 201 1989 struit,
222 1928 297 1976 vicos
307 1925 470 1992 plateasque
483 1921 651 1984 irraediiicat,
671 1919 760 1971 iussas
771 1923 909 1966 transren-

102 2013 147 2050 sas
161 1998 209 2046 riis
223 1996 370 2063 praeducit
389 2002 484 2062 atque'
494 1995 532 2046 ibi
552 1991 634 2042 sudes
650 1991 815 2056 stipitesque
830 1989 909 2048 prae-2

103 2073 199 2119 acutos
212 2065 315 2132 deligit.
351 2065 429 2118 llaec
441 2065 546 2117 levibus
558 2062 680 2114 cratibus
690 2055 909 2122 terraque-inac-

104 2143 185 2204 quat;
204 2135 297 2186 aditus
318 2141 516 2202 autem-atque
536 2135 639 2184 itinera
658 2129 722 2190 duo,
744 2139 815 2193 quae
827 2129 910 2172 extra

103 2221 214 2258 murum
225 2205 260 2257 ad
271 2211 384 2272 portum
402 2204 545 2265 serebant,
565 2200 694 2252 araximis
711 2196 810 2247 delixis
822 2190 909 2241 trabi·

102 2277 166 2342 bus,
178 2281 264 2342 atque⁴
273 2277 313 2342 eis
324 2277 492 2342 praeacutis,
503 2272 651 2339 praesepit.
686 2266 740 2318 llis
752 2263 856 2330 paratis
866 2273 910 2310 re·

103 2345 164 2409 bus,
175 2345 279 2396 milites
290 2345 405 2397 silentio
420 2359 505 2396 naves
516 2340 704 2392 conscendere
715 2335 806 2396 iubet3
828 2339 910 2395 exps-

103 2416 177 2467 ditos
194 2421 289 2468 autem
302 2414 475 2468 ex=evocatis
491 2409 646 2478 sagittariis
666 2403 909 2466 funditoribusque

104 2501 185 2540 raros
195 2487 224 2536 in
236 2484 508 2552 muro-turribusque
519 2479 651 2546 disponit.
666 2477 728 2527 llos
740 2478 819 2525 certo
830 2471 910 2536 signo

103 2570 236 2608 revocare
248 2556 406 2617 constituit,
428 2568 511 2622 quum
524 2564 619 2602 traines
630 2547 735 2599 milites
751 2545 834 2592 nares
843 2555 910 2591 coa·

104 2626 294 2690 scendissent3
306 2630 390 2693 atque
399 2625 433 2675 iis
445 2621 576 2690 expedito
588 2616 788 2688 luccaetuaria
798 2609 910 2686 navigio
1010 2647 1013 2654 ,

104 2695 176 2748 rehu
198 2701 284 2818 ui'till.
301 2762 480 2824 Brundisini,
500 2719 731 2827 Pontiieiini‘fum
742 2731 914 2828 militumi*
