2152 3132
200 153 250 208 132
391 153 450 206 DE
466 151 607 218 Baubo
627 149 812 204 Granico

196 266 226 311 et
235 273 371 310 annornm
382 258 463 308 initia
473 259 511 308 sic
522 257 686 319 observant,
710 261 742 307 ut
753 260 861 307 noctem
873 251 934 307 dics
945 258 1015 310 sub·

182 334 339 396 sequatur.
380 327 409 377 ln
426 326 541 394 reliquis
552 327 624 377 vitae
634 327 772 377 institutis
784 323 837 377 hoc
848 325 908 378 iere
920 326 955 377 ab
967 342 1014 380 rc·

197 400 282 467 liquis
293 396 434 458 differunt,
453 395 526 463 quod
537 409 602 447 suos
613 396 731 458 liberos,
752 396 805 446 nisi
817 410 900 462 quum
913 394 1016 448 adole-

198 470 304 530 verint,
324 475 356 518 ut
372 482 473 518 nruous
485 467 606 516 militine
621 467 761 516 sustinere
773 465 895 531 possint,
913 467 1013 532 palam

198 539 235 590 ad
249 553 280 590 sc
298 537 376 588 adire
392 551 447 587 non
464 538 619 602 patiuntur3
642 534 786 602 filiumque
801 535 901 600 puerili
912 541 1011 587 aetate

198 610 227 658 in
253 607 378 674 publico,
405 607 434 658 in
454 610 603 672 conspectu
621 605 725 674 patris,
746 605 898 667 adsistere,
924 611 1012 672 turpe

199 678 312 728 ducunt.

251 737 330 798 X'lX.
350 745 425 808 Viri,
448 751 566 812 quantas
582 743 715 810 pecunias
729 744 764 795 ab
777 743 913 795 uxoribus
934 742 1010 795 dotis

200 819 315 868 nomine
328 819 507 881 acceperunt,
533 819 627 864 tantas
644 828 679 864 ex
689 815 749 864 suis
763 814 859 876 bonis,
880 817 1009 865 aestima·

200 889 279 937 tione
291 885 374 946 factu,
390 900 450 934 curn
463 882 573 934 dotibus
583 885 795 948 communicant.
813 883 904 934 Huius
916 887 1011 934 omnis

200 956 336 1023 pecuniae
352 954 520 1004 coniunctim
535 954 609 1004 ratio
625 951 940 1020 babetur,·fructusque
951 968 1008 1016 ser·

199 1029 313 1075 vantur:
345 1029 526 1084 utereorum
545 1023 603 1073 vita
622 1023 775 1088 superarit,
803 1021 838 1073 ad
858 1038 921 1074 euni
941 1038 1008 1089 pars
1034 1027 1036 1032 '

199 1094 346 1160 utriusque
360 1106 420 1141 curn
436 1090 572 1142 fructibus
588 1094 762 1158 superiorum
778 1089 935 1158 temporum
948 1108 1011 1159 par·

199 1164 286 1215 venit.
325 1157 384 1214 Viri
395 1161 422 1211 in
432 1176 546 1224 uxores,
561 1163 644 1212 inuti
653 1163 683 1212 in
695 1161 797 1214 liberos
802 1199 811 1226 ,
831 1163 907 1214 vitae
918 1165 1009 1215 necis.
1063 1211 1064 1216 ,

201 1248 257 1302 que
276 1231 380 1284 babent
399 1235 581 1298 potestatem:
605 1236 648 1294 et,
669 1247 752 1298 quum
773 1232 1008 1299 paterfamiliae,
1062 1255 1064 1328 p

199 1303 356 1355 illustriore
366 1301 428 1352 loco
439 1306 533 1364 natus,
556 1302 691 1366 decessit,
711 1303 770 1353 eius
784 1293 931 1370 propinqui
944 1318 1009 1355 con-

199 1373 317 1424 veniunt
327 1377 370 1434 et,
390 1371 424 1422 dc
436 1376 526 1422 morte
536 1373 558 1421 si
569 1387 614 1422 ros
624 1373 653 1423 in
666 1374 852 1439 suspicionem
862 1373 952 1435 venit,
973 1373 1009 1426 de

200 1442 335 1494 uxoribus
347 1443 374 1494 in
385 1441 513 1493 servilem
529 1441 640 1493 modum
652 1443 844 1510 quaestionem
855 1439 959 1494 habent
970 1450 1011 1505 ot,

201 1515 226 1564 si
246 1517 421 1578 compertum
442 1517 500 1574 est,
526 1511 585 1579 igni
604 1516 688 1580 atque
709 1512 837 1565 omnibus
858 1514 1009 1564 tormentis

201 1586 376 1635 excruciatas
387 1581 568 1632 interficiunt.
598 1581 710 1634 Funera
719 1587 786 1633 sunt
796 1597 845 1648 pro
856 1581 933 1632 culto
943 1581 1009 1634 Gal·

149 1690 151 1695 .
201 1651 293 1703 lorum
304 1651 452 1718 magnilica
463 1652 839 1718 etsumtuosa30mniaque‚
859 1666 928 1719 quae
939 1653 1009 1704 vivis
1063 1651 1064 1656 ’

202 1718 385 1775 consiluisse
401 1721 585 1782 arbitrantur,
609 1721 639 1769 in
653 1722 747 1787 ignem
761 1719 900 1784 inferunt,
923 1723 1007 1772 etiarn

202 1789 349 1841 animalia:
371 1803 404 1838 ac
420 1787 515 1854 paullo
531 1802 615 1854 supra
630 1786 704 1856 hanc,
716 1791 878 1841 memoriam
894 1791 967 1840 servi
978 1797 1009 1841 ct

203 1857 423 1923 clientes,quos
440 1857 474 1908 ab
484 1857 518 1907 iis
534 1855 652 1908 dilectos
668 1873 729 1910 esse
740 1859 898 1922 constabat,
926 1859 1009 1910 iustis
1058 1864 1062 1971 p

202 1927 349 1979 funeribus
361 1925 511 1990 confectis,
532 1941 588 1976 una
598 1928 800 1978 cremabantur.
976 1973 979 1976 .

256 1997 333 2058 XX„
343 1995 423 2057 Quae
439 1995 564 2047 civitates
580 1997 749 2048 commodius
763 2011 909 2048 suasorem
920 1997 1008 2064 publi·

204 2081 264 2120 urm
280 2065 478 2124 administrare
489 2065 696 2134 existimantur,
716 2065 819 2119 babent
829 2066 936 2134 legibus
946 2081 1009 2118 san-

204 2145 292 2198 ctum,
315 2136 340 2186 si
356 2135 417 2203 quis
433 2134 548 2202 quidde
563 2151 595 2186 re
609 2136 719 2202 publica
733 2139 884 2188 alinitinris
895 2151 1008 2190 murore

204 2222 237 2258 ac
248 2205 322 2256 fania
331 2207 482 2272 acceperit,
496 2207 536 2256 uti
547 2204 582 2264 nd
593 2207 789 2274 magistratum
800 2207 917 2268 deferat,
938 2223 1006 2260 nere

204 2292 266 2328 curn
284 2287 337 2344 quo
353 2275 407 2327 alio
424 2277 619 2327 communicet:
650 2278 724 2344 quod
739 2292 824 2344 saepe
834 2276 957 2330 homines
967 2285 1007 2330 te-

203 2347 341 2398 merarios
356 2351 440 2412 atque
456 2344 688 2416 imperitosvlalsis
698 2348 856 2399 rumoribus
868 2349 966 2399 terreri
977 2353 1007 2400 et

133 2476 142 2490 „
204 2416 241 2466 sd
251 2414 358 2466 facinus
377 2415 480 2482 impelli
496 2423 525 2468 et
543 2415 578 2466 de
589 2419 702 2468 summis
714 2418 796 2470 rebus
807 2419 953 2469 consilium
963 2432 1008 2470 ca·

204 2499 272 2552 pere
291 2485 433 2552 cognitum
452 2491 503 2537 cst.
527 2485 739 2552 Magistratus,
765 2502 836 2555 quae
854 2488 914 2538 risu
933 2492 1006 2547 sont,

205 2553 363 2616 occultant;
384 2569 512 2623 quaeque
527 2569 589 2606 esse
606 2571 640 2607 ex
654 2573 706 2608 usu
721 2558 920 2619 iudicaverint,
938 2555 1005 2608 mul·

204 2623 318 2674 titudini
335 2623 464 2689 produnt
501 2624 544 2676 De
565 2639 595 2676 re
616 2627 724 2694 publica
739 2625 791 2679 nisi
803 2625 1006 2694 perconeilluns

205 2691 281 2756 loqui
292 2707 346 2743 non
358 2693 527 2746 conceditur.
