2180 3140
295 206 297 219 .
390 164 540 218 LIBER
562 166 600 219 ll.
843 163 896 218 285

89 268 280 324 misericordia
301 267 384 332 laeto,
403 267 538 322 adrentus
558 270 685 321 Caesaris
705 274 895 337 exspectatur:

88 341 193 392 nullum
205 354 240 390 ex
251 354 339 402 muro,
350 338 456 390 nullum
468 355 485 390 a
496 342 602 391 nostris
613 341 733 392 mittitur
743 339 844 391 telum:
864 345 897 390 ut

89 427 119 462 re
128 409 273 471 conferta,
294 424 390 460 omnes
405 423 499 460 curam
511 416 539 460 et
553 409 727 477 diligentiam
739 411 895 459 remittunt.

89 480 274 530 Caesarenim
290 493 339 546 per
355 479 463 530 litteras
479 480 620 530 Trebonio
635 493 805 547 magnopere
819 494 896 529 nran-

89 549 211 610 darerat,
231 563 265 599 ne
281 564 332 616 per
347 551 401 598 vim
416 550 547 616 oppidum
564 551 718 616 expugnari
735 555 894 618 pateretur3

90 635 123 669 ne
134 620 245 685 gravius
254 621 374 684 permoti
384 618 488 670 milites
504 624 532 669 et
542 617 705 670 defectionis
717 619 782 670 odio
794 623 822 669 et
832 633 896 670 eon-

89 690 222 739 temtione
233 690 275 738 sui
286 694 315 739 et
327 688 437 739 diutino
448 689 557 751 labore,
576 703 672 740 omnes
682 689 801 756 puberes
811 689 896 738 inter-

89 757 219 808 ficerent:
241 757 320 824 ‘quod
341 773 371 809 se
391 756 517 809 facturos
539 759 726 810 minabantur:
756 771 895 826 aegreque

90 833 157 877 tune
168 831 234 876 sunt
244 829 355 888 retenti,
374 829 439 895 quin
450 828 578 894 oppidum
590 830 787 895 irrumperent,
807 829 896 894 gravi-

92 904 192 963 terque
207 911 267 946 eam
286 912 343 947 rem
360 897 493 960 tulerunt,
511 898 584 964 qood
600 899 711 950 stetisse
727 913 777 964 per
791 898 895 949 Trebo-

92 968 177 1027 nium,
197 965 348 1032 quominus
360 967 461 1034 oppido
476 970 642 1034 potirentur,
661 967 815 1019 videbatur.

143 1033 213 1086 XlV.
232 1036 267 1084 nt
283 1035 376 1088 hostes
397 1038 457 1087 sine
478 1037 532 1088 lide
549 1043 659 1104 tempus
677 1044 759 1105 atque
775 1038 895 1090 occasio·

90 1119 153 1154 nem
164 1103 270 1156 fraudis
281 1121 313 1158 ao
322 1106 379 1157 doli
396 1113 547 1173 quaerunt3
566 1109 776 1176 interiectisque
788 1108 897 1174 aliquot

90 1173 201 1237 diebus,
222 1179 326 1227 nostris
341 1176 538 1244 languentibus
553 1182 637 1245 atque
653 1179 745 1227 animo
760 1177 896 1237 remissis,

90 1245 191 1306 subito,
210 1246 362 1297 meridiano
378 1252 511 1311 tempore,
529 1261 611 1312 quum
627 1246 699 1297 alius
710 1246 897 1306 discessisset,

90 1313 162 1364 alius
173 1328 207 1365 ex
217 1314 326 1382 diutino
336 1316 433 1367 labore
448 1316 477 1365 in
493 1317 560 1383 ipsis
571 1317 699 1382 operibus
711 1316 797 1383 quieti
809 1330 840 1366 se
851 1314 896 1364 de-

90 1383 184 1444 disset,
199 1399 352 1436 ermenero
364 1388 457 1435 omnia
469 1387 592 1451 reposita
602 1391 785 1451 contectaque
796 1389 897 1444 essent,

90 1455 180 1520 portis
195 1470 225 1505 se
237 1453 312 1506 foras
328 1460 489 1521 erumpunt,
508 1454 630 1505 seeundo
645 1469 801 1521 magnoque
812 1458 895 1504 vento

89 1525 182 1590 ignem
199 1525 327 1590 operibns
343 1524 476 1576 inierunt.
513 1525 596 1574 Hune
611 1525 651 1574 sic
666 1523 774 1574 distulit
788 1529 897 1584 rentus,

91 1595 131 1642 uti
148 1608 203 1644 uno
216 1600 343 1662 tempore
359 1608 453 1662 agger,
472 1593 566 1659 plutei,
584 1594 707 1656 testudo,
725 1594 822 1657 turris,
840 1598 897 1643 tor-

90 1669 185 1714 menta
205 1663 344 1716 ilammam
365 1665 546 1731 conciperent
567 1669 596 1714 et
614 1664 691 1731 prius
714 1661 898 1714 haecomnia

90 1740 339 1797 consumerentur,
358 1749 453 1803 qnam,
481 1732 713 1802 quemadmodum
741 1733 896 1794 accidisset,

90 1804 211 1854 animum
232 1804 340 1856 adverti
359 1811 463 1872 posset.
498 1803 603 1865 Nostri,
622 1803 767 1871 repentina
781 1803 899 1856 fortuna

88 1875 222 1941 permoti,
244 1889 331 1938 arma,
349 1890 420 1943 quae
430 1879 553 1942 possunt,
572 1873 726 1941 adripiunt:
746 1874 793 1924 alii
804 1889 839 1926 ex
853 1887 896 1924 ea·

89 1945 156 1995 stris
176 1958 237 1996 sese
257 1945 388 1997 incitant:
407 1947 439 1995 llt
449 1947 476 1995 in
488 1943 577 1996 hostis
592 1945 727 2011 impetus3
746 1944 795 1995 sed
816 1955 895 1994 muro

89 2014 201 2080 sagittis
217 2017 419 2083 tormentisque
441 2014 583 2082 fugientes
604 2015 734 2082 persequi
748 2013 896 2080 probiben-

89 2089 143 2130 tur.
167 2082 222 2132 ·llli
237 2084 287 2134 sub
302 2099 412 2135 murum
428 2100 458 2136 se
474 2085 609 2150 recipiunt
622 2085 716 2150 ibique
739 2083 895 2134 musculum

88 2151 244 2218 turrimque
264 2152 416 2205 lateritiam
434 2153 522 2204 libere
536 2154 699 2205 incendunt.
736 2152 778 2203 lta
794 2151 895 2202 multo-

88 2236 151 2271 rum
162 2224 298 2273 mensium
314 2223 393 2274 labor
407 2221 528 2274 bostium
545 2222 660 2288 perfidia
671 2223 737 2273 etri
748 2226 896 2286 tempesta·

88 2292 126 2340 tis
138 2297 241 2357 puncto
252 2295 384 2358 temporis
399 2293 515 2343 interiit.
552 2293 744 2342 'lentarerunt
760 2289 894 2341 hocidem

89 2360 281 2411 Massilienses
302 2367 415 2427 postero
436 2361 493 2411 die:
513 2360 637 2411 eamdem
655 2362 728 2412 nacti
748 2365 896 2426 tempesta·

89 2435 154 2490 tem,
166 2431 269 2481 maiore
280 2447 341 2482 oum
352 2431 453 2483 lidocia
464 2431 497 2481 ad
510 2431 626 2480 alteram
637 2436 743 2481 turrem
756 2444 897 2497 aggerem-

89 2515 142 2568 que
153 2502 298 2568 eruptione
308 2508 502 2568 pugnaverunt
513 2501 686 2569 multumque
697 2501 787 2567 ignem
798 2499 897 2550 intule-

88 2574 162 2621 runt.
200 2571 263 2634 Sed,
278 2582 311 2623 ut
321 2573 473 2638 superioris
485 2572 619 2636 temporis
629 2571 836 2622 contentionem
848 2583 895 2619 no·

89 2646 140 2691 stri
151 2655 259 2692 omnem
273 2644 447 2705 remiserant,
466 2643 514 2704 ita,
532 2642 648 2708 proximi
660 2640 714 2692 diei
726 2655 790 2692 casu
802 2639 895 2690 admo-

89 2712 149 2773 niti,
177 2715 270 2765 omnia
297 2713 332 2764 ad
359 2709 557 2766 defensionem·
578 2717 751 2780 paraverant.
787 2711 895 2780 ltaque,
