2168 3134
187 203 239 262 aaa
406 203 622 274 nnuunno
642 203 776 261 crvrnr

188 308 248 374 tur,
266 309 346 374 ocllc,
364 308 658 381 iiailiflotpotertoe,
682 307 824 362 Caesarem
844 309 994 364 convenire.

187 381 276 434 Facta
291 386 447 452 potestate,
478 395 513 432 cx
527 381 629 501 oppido
645 381 779 443 mittitur,
809 393 899 453 nequa
915 380 950 430 ab
961 394 995 432 eo

189 453 266 518 prius
276 451 430 502 Domitiani
446 451 557 502 milites'
579 451 719 513 iscedunt,
747 465 829 518 quam
841 450 868 501 in
880 465 996 516 conspe·

191 527 267 572 mum
277 521 405 572 Caesaris
416 520 578 572 deducatur.
614 517 680 572 Cum
690 536 719 572 eo
730 519 761 571 dc
772 522 859 572 salute
870 535 919 570 aaa
932 529 996 571 orat

121 623 125 629 ·
191 599 272 658 utque
283 590 413 651 obsecrat,
431 589 647 657 obtorpescat,
668 598 833 656 veteremque
843 586 996 640 amicitiam

190 667 379 712 commcrnorot
393 657 607 728 Caesarisquea'n
617 674 644 710 re
654 657 781 728 beneficia
792 657 913 739 exponit,
925 673 995 724 quoe

190 738 271 782 ¹crum
280 729 415 782 moa-ineat
438 729 564 795 paodpcr
575 745 634 780 eum
643 729 672 781 in
683 728 824 798 collegium
831 725 996 796 ponteficum
1073 765 1074 800 ,

188 799 315 863 benerae,
333 799 404 868 qood
413 797 580 864 provinciam
590 795 753 866 Hispaniam
762 807 936 864 expraetore
947 797 996 864 Iso-

116 919 119 923 .
190 867 288 920 haeret
294 905 303 932 ,
330 867 438 937 quodie
446 865 579 934 petitione
590 869 745 920 consulatus
754 866 788 918 ai
799 865 828 922 e'o
838 873 899 919 erat
910 866 995 919 sarilo·

189 945 280 990 sotor.
316 939 399 1004 cuius
415 939 568 989 orationem
580 931 683 988 Ca'esar
698 937 872 1004 interpellat:
900 953 927 988 se
941 953 995 990 noo

190 1005 319 1076 maleficii
332 1007 428 1058 causeo
444 1023 478 1058 ex
490 1004 634 1073 provincia
648 1005 797 1078 egressam,
824 1007 872 1058 sed
884 1005 927 1058 ati
939 1023 995 1058 oea

190 1075 357 1130 contumeliis
367 1075 536 1128 inimicorum
546 1074 702 1156 defenderet
708 1095 726 1137 ,··
736 1085 769 1134 ot
779 1075 901 1128 tribum
908 1074 996 1144 plebis

190 1163 223 1199 co
232 1164 262 1198 re
272 1162 306 1198 ex
315 1145 428 1198 civitate
437 1147 560 1212 expulsos
569 1162 599 1196 on
609 1160 685 1197 raom
697 1145 861 1214 dignitatem
869 1145 996 1198 restituc-

190 1225 252 1278 ret,·
273 1219 341 1267 aots'e
351 1224 379 1267 ot
389 1218 518 1282 populum
529 1214 693 1279 Romanum,
707 1231 857 1282 paucorum
867 1214 997 1288 factione

190 1289 354 1356 oppressam,
371 1285 401 1337 a'n
411 1285 564 1338 libertatem
572 1284 731 1338 vindicaret.
768 1285 853 1336 Cuius
865 1287 997 1338 oratione

191 1357 370 1408 'confirmatus
378 1355 531 1419 Lentulus,
551 1355 593 1406 uti
604 1355 633 1404 in
644 1354 774 1422 oppidum
786 1356 891 1408 reverti
900 1355 996 1420 liceat,

189 1429 274 1494 petit3
304 1425 378 1494 quod
388 1425 424 1478 de
434 1441 486 1476 sua
496 1425 587 1477 salute
603 1425 806 1492 impetraverit,
836 1424 996 1477 sorcetiarn

189 1497 306 1566 reliquis
319 1495 355 1546 ad
364 1510 442 1546 suam
453 1510 531 1562 spem
541 1493 656 1546 solatio:
673 1493 744 1546 adeo
755 1509 816 1547 esse
826 1495 996 1562 perterritos

190 1565 357 1628 nonnullos,
377 1570 410 1615 ut
420 1581 487 1616 suae
498 1566 571 1617 vitae
582 1564 677 1616 durius
688 1563 835 1617 consulere
847 1570 994 1633 cogantur.

190 1636 261 1688 Fact
289 1639 430 1704 potestate
440 1634 565 1686 discedit.
589 1657 591 1664 v
691 1655 695 1662 ·

194 1723 197 1728 ·
307 1703 342 1754 ll.
363 1703 480 1766 Caesar,
504 1703 665 1765 abiillurit,
686 1717 782 1754 omnes
797 1709 942 1756 senatores
952 1715 997 1755 se·

191 1778 378 1840 natorumque
395 1771 515 1834 liberos,
545 1772 671 1823 tribunos
691 1772 807 1825 militum
829 1775 997 1842 equitesque
1073 1825 1074 1836 ,

190 1842 330 1893 Romanos
340 1841 376 1892 ad
387 1855 417 1892 se
428 1841 543 1908 produci
557 1841 644 1892 iubet.
682 1842 770 1894 Erant
779 1843 910 1895 senatorii
921 1841 998 1894 ordi·

189 1910 276 1963 nis-11.
288 1909 439 1972 Domitius,
459 1910 488 1962 P.
499 1909 638 1963 Lentulus
649 1909 790 1978 Spinther,
809 1912 843 1964 L.
854 1911 996 1966 Vibullius

189 1980 288 2043 liuius,
299 1979 362 2032 Sex.
374 1980 541 2044 Quinctilius
552 1981 654 2044 Varus,
665 1988 805 2050 quaestor,
814 1981 847 2034 L:
858 1981 995 2034 Rubrius:

89 2076 90 2083 κ
189 2056 335 2119 praetcrea
344 2051 417 2102 iilius
427 2050 543 2102 Domitii
554 2050 658 2119 aliique
669 2052 824 2120 complures
834 2051 998 2104 adolescen-

189 2128 235 2174 tes
245 2126 406 2190 etmagnus
421 2135 553 2173 numerus
567 2124 690 2188 equitum
701 2121 888 2174 llomanorum
903 2127 933 2172 et
948 2121 996 2173 de-

190 2193 349 2255 curionum,
379 2205 448 2260 quos
460 2205 494 2243 ex
505 2193 660 2258 municipiis
671 2191 810 2243 Domitius
822 2197 995 2243 evocaverat.

191 2262 252 2320 Hos
268 2276 363 2314 omnes
378 2261 528 2328 productos
543 2275 561 2314 a
576 2261 754 2314 contumeliis
768 2262 886 2314 militum
902 2261 996 2312 conri-

190 2330 449 2400 ciisqueprohibe‘t:
464 2347 553 2398 pauca
563 2331 637 2400 apud
647 2347 696 2384 sos
707 2331 839 2401 loquitur,
857 2325 929 2400 quoti
940 2331 995 2382 sihi
1073 2355 1074 2358 ¹

190 2415 210 2453 a
219 2406 303 2468 parte
318 2417 416 2454 eorum
430 2403 523 2469 gratia
536 2402 628 2454 relata
643 2411 699 2454 non
714 2403 752 2454 sit
765 2415 816 2470 pro
832 2405 889 2453 suis
904 2402 995 2453 ineos

193 2470 479 2524 muimisbeneiiciis.
514 2472 743 2523 Dimittitomnes
752 2470 914 2524 incolumes.
946 2469 995 2523 Se·

190 2541 318 2592 stantium
330 2541 466 2608 sexagies,
477 2541 549 2609 quod
559 2539 710 2592 mouerat
718 2539 860 2592 Domitius
871 2546 954 2606 atque
963 2540 994 2592 in

190 2607 329 2674 puplicum
346 2609 530 2676 deposuerat,
560 2609 684 2660 adlamm
699 2610 734 2660 ad
749 2626 779 2662 se
794 2610 829 2664 ab
840 2610 995 2663 duumviris

189 2673 419 2737 emuniensious,
445 2678 687 2741 Domitio'reddit,
719 2695 753 2732 no
764 2681 952 2732 continentior
962 2681 992 2730 in

187 2744 245 2796 vita
265 2742 419 2809 hominum,
444 2761 525 2818 mam
546 2749 575 2798 in
595 2748 831 2814 posituim-luisse
848 2749 993 2804 nicomas
