2134 3148
348 177 604 240 AFRICA'NO.
820 187 873 248 4Ὶᾶ

71 294 201 355 meretur.
219 287 371 360 Postquam
380 290 449 342 iuba
460 295 524 342 ante
535 296 630 356 portas
642 288 690 342 diu
700 287 874 359 multumque

70 365 156 428 primo
173 361 255 411 minis
272 366 323 428 prb
343 361 459 428 imperio
479 361 585 427 egisset
600 375 662 412 oum
677 360 875 424 Zamensibus;

72 430 177 493 deinde,
188 445 272 498 quum
284 446 314 482 se
324 445 422 497 parum
433 431 567 495 proficere
579 429 774 493 intellexisset,
786 433 875 496 preci·

70 501 121 554 bus
134 513 243 567 quoque
254 505 376 563 orasset,
396 503 438 550 uti
447 514 478 550 sc
489 499 525 550 ad
535 513 601 550 suos
615 499 682 550 deos
698 505 816 568 penates
829 499 875 554 ad·

67 571 232 637 mitterent3
260 571 307 621 ubi
328 584 378 620 eos
399 571 429 620 in
449 568 590 620 sententia
609 577 735 636 perstare
751 569 874 620 animad—

69 643 166 702 vertit,
186 654 238 690 rree
249 642 330 691 minis
342 655 393 690 nec
404 639 531 705 precibus
546 639 603 688 suis
619 642 732 701 moveri,
753 654 807 707 quo
818 654 874 694 ma·

71 711 112 774 gis
124 724 154 760 se
166 709 337 776 reciperent3
354 709 439 760 tortio
455 709 526 776 petit
541 708 575 760 ab
591 708 644 770 eis,
662 715 694 760 ut
709 709 764 760 sibi
780 711 873 774 coniu·
965 733 969 742 ·

71 789 119 844 ges
129 779 286 847 liberosque
298 777 459 842 redderent,
476 783 508 829 ut
521 793 615 830 secum
627 791 675 830 eos
686 779 873 844 absportaret.

70 845 220 915 Postquam
231 849 286 900 sibi
302 847 371 900 nibil
387 849 499 898 omnino
510 848 664 912 oppidanos
676 850 801 914 responsi
812 848 873 900 red·
911 881 913 886 .

70 919 136 970 dcre
146 918 355 981 animadvertit,
365 917 443 968 nulla
453 933 484 970 rc
490 919 525 968 ab
535 919 569 968 iis
580 920 736 985 impetrata,
747 918 873 972 abZama

70 987 186 1042 discedit
204 994 287 1054 atque
302 987 337 1039 ad
352 987 446 1038 villam
461 1003 540 1056 suam
556 1002 618 1040 oum
628 987 668 1038 Μ.
679 987 791 1040 Petreio
806 1002 872 1056 pau·

70 1060 108 1112 eis
128 1074 163 1109 ue
175 1057 314 1125 equitibus
326 1072 356 1108 se
368 1055 484 1108 confert.

110 1075 202 1179 qllCll.
220 1129 370 1180 Zamenses
387 1128 500 1178 interim
520 1128 628 1196 legatos
644 1127 679 1180 de
693 1129 728 1180 iis
743 1127 872 1180 rebusad

68 1199 215 1252 Caesarem
226 1198 332 1249 Uticam
344 1198 460 1249 mittunt
472 1202 625 1267 petuntque
636 1197 670 1250 ab
681 1213 714 1250 eo
721 1236 729 1263 ,
745 1197 788 1250 uti
799 1207 872 1261 onte,

68 1281 147 1338 quom
158 1284 208 1321 rex
218 1283 326 1320 montem
337 1266 484 1336 colligeret,
495 1283 600 1334 seseque
613 1277 800 1338 oppugnaret,
822 1268 874 1320 sibi

68 1337 202 1394 auxilium
213 1336 348 1388 mitteret:
366 1351 394 1387 se
404 1344 494 1389 tornea
506 1346 620 1404 paratos
632 1353 700 1400 esse,
719 1338 771 1390 sibi
785 1335 874 1407 quood

66 1408 124 1463 sito
135 1414 298 1476 suppeteret,
313 1405 527 1474 oppidorumque
538 1405 563 1458 ei
573 1423 721 1460 reservare.
749 1408 873 1476 Legatos

67 1478 242 1533 collaudatos
248 1476 470 1529 Gaesardomum
478 1477 740 1542 iubetanteoederc,
751 1494 783 1529 ac
792 1493 872 1528 suum

67 1551 215 1602 adventum
235 1547 444 1614 praenunciare.
489 1548 565 1613 lpse,
595 1553 707 1614 postero
727 1548 772 1600 die
794 1549 873 1603 Utica

67 1633 207 1688 egressus,
220 1633 286 1690 cum
294 1618 419 1685 equitatu
429 1618 459 1666 in
469 1631 585 1684 regnum
597 1618 639 1668 ire
650 1619 803 1670 contendit.
830 1617 873 1670 ln·

65 1690 148 1743 terim
159 1689 188 1738 in
199 1688 301 1740 itincre
313 1701 348 1738 ex
362 1687 447 1754 regiis
463 1687 549 1753 copiis
564 1686 648 1738 duces
665 1689 822 1754 complures
836 1685 873 1742 ad

66 1761 213 1812 Caesarem
223 1759 339 1809 veniunt
350 1762 496 1824 orantque,
507 1763 538 1808 ut
548 1758 600 1808 sibi
611 1758 746 1824 ignoscat.
766 1758 872 1820 Quibus

65 1829 236 1896 supplicibus
246 1829 327 1880 venia
338 1823 411 1889 datu,
422 1827 534 1878 Zamam
546 1829 721 1894 perveniunt.
749 1827 871 1882 llumore

63 1899 178 1951 interim
195 1898 302 1966 perlato
313 1898 347 1950 de
360 1899 420 1948 cius
436 1897 554 1951 leuitate
572 1897 791 1967 clementiaque,
809 1912 871 1965 pro·

63 1969 213 2040 pomodum
234 1983 331 2020 omnes
350 1969 431 2034 regni
452 1969 561 2035 equites
576 1967 689 2019 Zamam
706 1969 884 2035 perveniunt.

64 2039 101 2090 ad
118 2039 281 2102 Caesarem,
300 2038 335 2090 ab
355 2052 444 2107 eoque
462 2043 528 2089 sunt
546 2043 624 2089 metu
644 2038 822 2104 periculoque
837 2037 870 2091 li·

62 2109 162 2162 berati.

116 2179 212 2232 xcllr.
231 2177 306 2229 Dum
315 2174 384 2228 haec
393 2177 541 2244 utrobique
551 2182 697 2246 geruntur,
715 2174 872 2239 Considius,

64 2249 112 2318 qui
124 2249 244 2300 Tisdrae
256 2263 318 2298 cuns
329 2246 436 2297 fairrilia
445 2262 511 2309 sua,
526 2247 695 2314 gladiatoria
705 2261 790 2296 manu
801 2245 872 2298 Gae-

64 2320 189 2387 tulisque
200 2323 339 2384 praeerat,
351 2318 461 2383 cognitu
471 2317 555 2368 caede
566 2332 689 2380 suorum,
700 2315 871 2386 Domitiique

65 2389 248 2456 etlegionum
268 2385 388 2437 adventu
407 2386 585 2453 perterritus,
606 2385 753 2452 desperato
768 2388 877 2452 salute„

63 2459 198 2526 oppidum
210 2456 315 2508 deserit
324 2471 409 2524 seque
420 2455 490 2506 clam
502 2470 564 2506 cum
580 2459 676 2522 paucis
689 2457 814 2510 barbaris
825 2474 870 2526 pe·

62 2529 148 2580 cunia
159 2532 276 2579 onustus
292 2524 419 2577 subducit
431 2531 513 2592 atque
524 2525 553 2576 in
566 2539 682 2594 regnum
697 2526 795 2595 fugero
807 2543 874 2588 con-¹

62 2597 167 2661 tendit3
179 2611 260 2664 quem
269 2595 389 2658 Gaetuli,
400 2595 442 2647 sui
453 2597 577 2659 comites,
587 2597 615 2648 in
626 2597 736 2660 itinere,
748 2601 869 2663 praedae

62 2667 166 2734 cupidi,
185 2665 333 2719 concidunt
343 2681 429 2734 seque
440 2666 467 2715 in
480 2680 668 2735 quascumque
682 2673 797 2734 potuere
807 2682 869 2735 par·

61 2742 106 2792 tes
117 2735 275 2792 conferant.
312 2736 341 2787 C.
352 2736 466 2789 iuterim
477 2735 621 2806 Virgilius,
634 2743 869 2807 postqusmserrs
