2168 3134
386 198 533 253 LIBER
549 198 619 256 Vll.
856 199 905 255 100

148 301 228 360 XLl.
253 304 371 368 caeter,
400 305 510 357 nunciis
529 307 565 358 ad
582 306 724 360 civitatem
744 305 904 359 Aeduorum

91 373 203 436 missis,
218 375 266 441 qui
276 390 326 426 suo
338 375 475 428 beneficio
487 382 667 430 conservator
678 378 822 438 docerent,
834 391 905 445 quon

91 446 160 497 iure
172 443 241 496 belli
256 443 418 496 interlicere
434 446 586 511 potuisset,
610 447 757 514 tribusque
767 446 845 498 horis
856 460 905 497 uo·

92 515 152 566 ctis
164 515 303 566 exercitui
313 514 348 567 ad
358 517 481 582 quietern
492 515 575 578 datis,
585 521 678 567 eastra
688 517 723 567 ad
735 516 903 585 Gergoviam

91 583 194 640 movit.
230 585 327 636 Medio
338 583 399 638 sere
409 584 514 636 itinere
526 587 650 653 equites,
670 587 705 638 ab
717 587 805 638 Fabio
816 587 904 648 mirei,

93 660 206 722 quanto
221 669 268 705 res
283 655 313 705 in
328 655 454 720 periculo
470 652 571 717 luerit,
601 662 761 723 exponunt3
788 656 903 707 summis

93 723 188 790 copiis
199 728 292 776 castre
302 729 462 792 oppugnata
472 724 684 789 demonstrant3
707 742 790 794 quum
802 727 902 778 erebro

92 793 205 859 integri
221 792 342 846 defessis
358 794 545 846 succederent
555 801 723 863 nostrosque
735 796 852 856 adsiduo
862 796 902 847 la·

93 864 167 914 bore
178 861 381 930 defatigarent,
392 865 492 930 quibus
501 871 618 931 propter
628 865 852 933 magnitudinem
858 881 902 918 oa·

93 937 221 984 utrorum
237 932 372 1002 perpetuo
388 941 465 984 esset
482 934 589 985 eisdem
607 936 637 986 in
652 936 725 987 vallo
737 951 901 1002 permaneu-

92 1001 177 1065 dum;
192 1003 372 1055 multitudine
383 1004 550 1071 sagittarum
562 1010 646 1072 atque
657 1005 735 1056 omni
744 1020 849 1073 genere
861 1011 903 1056 te·

73 1069 75 1076 ’
91 1073 189 1126 lorum
199 1073 303 1124 multos
313 1073 489 1124 vulneratos:
500 1073 536 1126 ad
547 1073 616 1127 haee
626 1075 903 1144 sustinendamagno

93 1143 159 1194 usui
173 1141 260 1194 luisse
272 1147 427 1194 tormentae
446 1142 564 1194 Fabium
574 1143 702 1196 discessu
713 1159 818 1210 eorum,
836 1146 903 1196 dua·

93 1214 148 1264 bue
161 1211 269 1264 relictis
280 1213 385 1278 portis,
414 1213 562 1265 obstruere
578 1219 705 1277 ceterae,
736 1216 903 1281 pluteosque

93 1281 170 1333 vallo
184 1281 288 1334 addere
304 1288 333 1334 et
348 1297 379 1334 so
395 1283 579 1348 inposterum
592 1281 667 1335 diem
678 1284 801 1335 similem
811 1284 847 1335 ad
858 1299 903 1334 ca-

94 1367 159 1404 nunt
168 1367 278 1418 parare.
304 1353 359 1404 His
370 1353 455 1404 robus
466 1354 598 1419 cognitio,
613 1354 718 1405 Caesar
727 1367 835 1404 summo
845 1357 903 1404 etu-

95 1422 144 1474 dio
155 1422 276 1474 militurn
288 1428 355 1474 ante
366 1429 458 1474 ortum
470 1424 539 1474 solis
550 1423 580 1472 in
591 1428 684 1474 castra
694 1424 832 1490 pervenit.

150 1489 240 1543 XLll.
261 1491 336 1543 Dum
348 1490 416 1543 haec
426 1492 461 1542 ad
473 1492 637 1560 Gergoviam
650 1497 796 1560 geruntur,
807 1491 904 1555 Aedui,

96 1563 195 1630 primis
211 1563 321 1614 nunciis
338 1562 373 1613 ab
384 1563 511 1614 Litavioo
527 1563 664 1628 acceptis,
686 1562 793 1613 nullum
805 1563 857 1614 sibi
870 1562 905 1613 od

97 1630 320 1700 cognoscendum
331 1635 451 1698 spatium
459 1633 629 1699 relinquunt.
642 1631 905 1698 lnrpellitalionava·

95 1704 176 1765 nitio,
198 1702 268 1754 alios
278 1702 424 1754 iracundia
434 1708 462 1754 et
473 1701 641 1766 temeritas‚'
652 1717 722 1768 quae
734 1705 852 1754 maxime
863 1702 907 1753 illi

96 1770 241 1824 hominum
263 1774 362 1840 generi
383 1774 551 1834 estimato,
582 1777 615 1822 ut
629 1773 718 1825 levem
733 1773 905 1825 auditionem

96 1841 221 1895 habeant
231 1857 281 1909 pro
293 1857 324 1892 re
336 1849 488 1909 comperta.
513 1844 594 1895 Bona
605 1844 705 1896 civium
716 1843 905 1896 Rouranorum

97 1913 244 1978 diripiunt,
266 1911 364 1964 caedes
376 1912 494 1975 faciunt,
515 1913 545 1964 in
555 1915 716 1966 servitutem
729 1913 904 1966 abstrahunt.

95 1983 215 2035 Adiuvat
226 1997 285 2034 rem
297 1983 480 2047 proclinatam
492 1984 729 2046 Conuictolitauis,
739 1985 904 2052 plebemque

98 2053 133 2104 ad
149 2052 274 2104 furorem
289 2052 421 2119 impellit,
441 2060 485 2116 ut,
507 2052 631 2105 facinore
651 2055 789 2117 adunisse,
810 2054 846 2105 ad
862 2069 901 2105 ra·

97 2125 214 2174 nitatem
231 2121 334 2188 pudeat
350 2125 461 2174 revesti.
497 2123 536 2174 M.
551 2123 686 2175 Aristium
701 2125 843 2176 tribunum
854 2126 904 2174 rni-

96 2193 192 2254 litum,
212 2194 268 2243 iter
279 2192 314 2243 ad
325 2192 466 2260 legionem
477 2192 641 2257 facientem,
668 2192 735 2244 data
744 2193 799 2244 lide
811 2208 846 2244 ex
857 2207 904 2258 op·

98 2263 163 2330 pido
175 2262 319 2313 Cabillono
331 2263 463 2314 educunt:
478 2262 554 2314 idem
565 2261 658 2314 faeere
669 2268 774 2330 cogunt
784 2277 841 2322 eos,
857 2261 906 2328 qui

97 2332 260 2399 negotiandi
272 2347 371 2384 caussa
380 2333 418 2383 ibi
430 2333 624 2383 constiterant.
660 2333 721 2384 llos
733 2333 864 2382 continuo
876 2332 905 2382 in

100 2402 200 2453 itinere
217 2401 323 2464 adorti,
349 2402 476 2454 omnibus
492 2401 699 2468 impedimentis
715 2406 835 2464 exuunt3
862 2415 904 2452 re·

99 2477 253 2540 pugnantes
270 2472 344 2524 diem
360 2478 526 2538 noctemque
538 2471 681 2534 obsident3
702 2471 797 2523 multis
808 2471 904 2522 utrim-

100 2557 152 2610 que
177 2541 349 2612 interleotie‚
380 2542 516 2594 maiorem
541 2540 749 2594 multitudinem
770 2541 806 2594 ad
827 2553 906 2593 arma

100 2611 247 2664 concitant.

150 2681 249 2734 XLlll.
270 2683 387 2736 Interim
397 2685 499 2734 nuncio
510 2682 619 2746 adlato,
641 2696 735 2736 omnes
747 2695 844 2737 eorum
855 2681 906 2732 rni-

100 2751 163 2806 llteo
173 2754 202 2804 in
214 2757 354 2820 potestate
366 2754 494 2808 Caesaris
506 2754 605 2818 teneri,
620 2759 790 2808 concurrunt
801 2751 835 2806 ad
846 2751 905 2806 ilri-
