2150 3124
362 219 511 274 mm
543 219 599 275 111.
853 221 890 278 69

78 326 165 380 licere
176 325 386 379 arbitrarentur.
421 325 518 394 itaque
528 341 612 395 quum
622 324 813 398 intellegeret,
833 343 890 380 om·

78 399 129 451 nes
145 395 206 448 fere
218 396 315 448 Gallos
325 399 406 448 novis
416 396 498 447 rebus
508 399 620 450 studere
632 404 660 450 et
671 397 706 449 ad
718 398 820 450 bellurn
832 413 889 448 mo-

78 467 174 519 biliter
194 466 377 535 celeriterque
392 467 522 528 excitari,
543 481 638 519 omnes
654 473 748 520 autem
764 466 890 519 homines

80 541 185 588 natura
208 535 331 588 libertati
356 536 469 588 studere
492 541 522 587 et
541 535 728 589 conditionem
748 539 890 589 servitutis

79 607 184 668 odisse,
194 607 272 672 prius
284 621 365 674 quam
377 607 471 672 plures
482 607 608 658 civitates
619 608 819 674 conspirarent,
829 622 891 674 par-

79 675 205 729 tiendum
225 677 278 727 sibi
294 691 328 728 ae
342 676 427 728 latius
442 675 665 730 distribuendum
676 677 830 730 exercitum
842 692 891 744 pu·

79 747 161 798 tavit.
906 755 912 762 ·

131 815 181 867 Xl.
216 814 315 884 ltaque
332 817 367 867 T.
382 813 538 868 Labienum
556 814 682 886 lcg‘atum
701 817 730 867 in
752 817 892 879 Treviros,

80 886 129 954 qui
139 886 260 953 proximi
269 885 376 937 flumini
390 883 487 938 Rheno
498 892 575 950 sunt,
586 902 646 938 cum
657 888 784 956 equitatu
795 888 891 938 mittit

79 957 155 1008 lluie
171 955 298 1019 mandat,
318 955 419 1008 Remos
434 953 611 1026 reliquosque
622 956 725 1026 Belgas
736 956 831 1020 adeat,
853 963 893 1006 at-

81 1041 135 1095 que
146 1026 175 1076 in
186 1027 278 1077 cilicio
289 1025 443 1087 contineat,
458 1025 683 1096 Germanosque,
700 1028 747 1097 qui
758 1027 863 1078 auxilio
875 1039 893 1098 a

79 1095 176 1163 Belgis
187 1096 313 1147 arcessiti
324 1095 493 1158 dicebantur,
499 1097 523 1146 si
534 1111 583 1164 per
594 1098 649 1148 rim
659 1098 776 1150 navibus
787 1095 892 1148 ilumen

80 1169 204 1219 transire
224 1171 372 1228 conentur,
391 1164 546 1232 probibeat.
582 1164 613 1217 P.
625 1168 753 1218 crassum
770 1182 833 1218 cum
849 1181 893 1218 co·

81 1233 210 1287 hortibus
217 1233 530 1303 legionariisduodecim
541 1241 569 1288 et
579 1250 680 1305 magno
690 1251 806 1288 numero
817 1237 893 1305 equi-

81 1309 158 1356 tatus
168 1306 197 1357 in
208 1305 382 1373 Aquitaniam
393 1306 531 1373 proticisci
542 1306 627 1371 iubet,
633 1321 668 1359 ne
678 1321 713 1359 ex
722 1305 764 1357 his
775 1307 894 1357 nedoni·

80 1377 134 1428 bus
151 1375 257 1426 auxilia
270 1377 299 1426 in
311 1375 431 1428 Galliam
447 1376 595 1428 mittantur
608 1391 640 1428 ac
656 1381 752 1428 tantae
765 1376 894 1426 nationes

82 1447 301 1512 coniungantur.'
333 1446 366 1509 Q.
377 1445 516 1496 Titurium
533 1444 665 1497 Sabinum
686 1446 810 1513 legatum
831 1459 895 1496 cum

82 1515 241 1584 legionibus
257 1515 345 1566 tribus
358 1519 387 1568 in
398 1515 526 1578 Unellos,
546 1513 729 1566 Curiosolitas
744 1514 895 1566 Lexouios·

82 1599 138 1654 que
154 1586 261 1648 mittit,
277 1586 323 1652 qui
339 1599 399 1637 eam
414 1599 526 1636 manum
538 1585 723 1636 distinendam
735 1589 822 1635 curet.
857 1583 894 1635 D.

81 1655 202 1707 Brutum
208 1654 413 1708 adolescentem
425 1653 505 1706 classi
512 1653 683 1722 Gallicisque
694 1647 817 1717 navibus,
825 1667 895 1722 quas

83 1739 119 1776 ex
129 1724 290 1777 Pictonibus
301 1729 330 1777 et
340 1723 471 1790 Santonis
481 1723 650 1793 reliquisque
661 1726 766 1790 pacatis
776 1724 896 1792 regioni·

82 1795 135 1846 bus
152 1796 298 1846 convenire
313 1796 446 1858 iusserat,
471 1795 597 1860 praeficit
611 1799 653 1857 et,
674 1809 757 1862 quum
775 1795 895 1860 primum

82 1870 191 1932 posset,
206 1868 235 1916 in
245 1863 365 1916 Venetos
376 1863 512 1932 proficisci
522 1864 608 1917 iubet
645 1863 707 1933 lpse
719 1880 751 1917 eo
762 1865 895 1932 pedestri-

82 1933 135 1987 bus
146 1938 234 2002 copiis
244 1935 396 1986 contendit.¹

135 2003 197 2056 Xll.
234 2003 325 2056 Erant
344 2003 478 2056 eiusmodi
496 2003 556 2056 iere
571 2005 641 2055 situs
656 2005 833 2071 oppidorum,
853 2008 894 2066 ut,

83 2075 176 2142 posita
188 2076 217 2126 in
238 2075 369 2126 extremis
383 2072 497 2142 lingulis
513 2073 789 2143 pr‘omontoriisque,¹
804 2085 894 2141 neque

84 2145 201 2212 pedibus
212 2145 318 2196 aditum
330 2143 476 2207 haberent,
497 2141 582 2211 quum
594 2159 629 2196 ex
639 2145 696 2196 alto
707 2160 736 2197 se
747 2150 843 2196 aestus
854 2145 894 2192 in·

85 2215 240 2278 citavisset,
261 2213 335 2281 q'uod
354 2215 396 2264 bis
416 2213 515 2264 accidit
533 2213 643 2281 semper
660 2214 792 2265 horarum
802 2211 895 2263 XXlV

84 2285 190 2350 spatio,
203 2299 293 2352 neque
304 2284 433 2347 navibus,
448 2283 535 2351 quod,
544 2295 643 2336 rursus
654 2286 795 2335 minuente
806 2284 895 2343 aestu,

83 2367 169 2406 naves
178 2356 207 2404 in
218 2353 295 2404 vadis
305 2351 521 2405 addictarentur.
558 2355 602 2405 lta
611 2358 731 2419 utraque
742 2366 772 2402 re
783 2349 895 2416 oppido-

82 2437 146 2475 rum
158 2423 327 2490 oppugnatio
338 2421 556 2490 impedicbatur3
577 2437 624 2486 ac,
634 2424 657 2472 si
669 2420 779 2489 quando
791 2419 897 2486 magni·

83 2493 181 2545 tudine
197 2494 288 2560 operis
304 2491 378 2544 iorte
388 2493 525 2559 superati,
545 2496 659 2543 extruso
670 2491 740 2542 mari
749 2503 852 2556 aggere
862 2502 896 2540 nc

83 2563 217 2625 molibus,
238 2567 323 2630 atque
337 2561 381 2613 bis
395 2561 482 2614 ferme
497 2561 590 2628 oppidi
602 2561 747 2613 moenibus
759 2559 897 2626 adaequa·

83 2633 193 2695 tis,suis
204 2631 325 2683 fortunis
336 2631 485 2700 desperare
497 2636 655 2698 coeperant,
666 2641 767 2697 magno
778 2641 895 2680 numero

83 2703 195 2753 navium
208 2700 336 2769 adpulso,
352 2703 430 2752 cuius
441 2702 482 2753 rei
493 2701 626 2752 summam
639 2699 799 2751 tantitatem
811 2696 894 2749 habe·
965 2697 966 2702 ’

84 2772 165 2836 bant,
185 2785 236 2824 sua
250 2772 436 2841 deportabant
446 2771 554 2834 omnia,
563 2791 566 2796 ·
574 2785 660 2840 seque
669 2770 698 2821 in
709 2768 835 2838 proxima
846 2779 894 2831 op·
