<?xml version="1.0" encoding="UTF-8"?>
<!DOCTYPE html PUBLIC "-//W3C//DTD XHTML 1.0 Transitional//EN"
    "http://www.w3.org/TR/xhtml1/DTD/xhtml1-transitional.dtd">
<html xmlns="http://www.w3.org/1999/xhtml" xml:lang="en" lang="en">
 <head>
  <title>
</title>
<meta http-equiv="Content-Type" content="text/html;charset=utf-8" />
  <meta name='ocr-system' content='tesseract 3.04.00' />
  <meta name='ocr-capabilities' content='ocr_page ocr_carea ocr_par ocr_line ocrx_word'/>
</head>
<body>
  <div class='ocr_page' id='page_1' title='image "./cjuliicaesarisc05caesgoog_0334.png"; bbox 0 0 2180 3140; ppageno 0'>
   <div class='ocr_carea' id='block_1_1' title="bbox 143 171 783 237">
    <p class='ocr_par' dir='ltr' id='par_1_1' title="bbox 143 171 783 237">
     <span class='ocr_line' id='line_1_1' title="bbox 143 171 783 237; baseline -0.002 0"><span class='ocrx_word' id='word_1_1' title='bbox 143 178 144 183; x_wconf 77' lang='grc'>’</span> <span class='ocrx_word' id='word_1_2' title='bbox 194 177 244 237; x_wconf 76' lang='lat' dir='ltr'>sal</span> <span class='ocrx_word' id='word_1_3' title='bbox 410 172 627 235; x_wconf 66' lang='lat' dir='ltr'>enhaemo</span> <span class='ocrx_word' id='word_1_4' title='bbox 648 171 783 237; x_wconf 74' lang='lat' dir='ltr'>orirer</span> 
     </span>
    </p>
   </div>
   <div class='ocr_carea' id='block_1_2' title="bbox 194 279 999 426">
    <p class='ocr_par' dir='ltr' id='par_1_2' title="bbox 194 279 999 426">
     <span class='ocr_line' id='line_1_2' title="bbox 194 279 999 355; baseline 0.004 -16"><span class='ocrx_word' id='word_1_5' title='bbox 194 279 314 340; x_wconf 82' lang='lat' dir='ltr'>eundum</span> <span class='ocrx_word' id='word_1_6' title='bbox 335 303 397 338; x_wconf 89' lang='lat' dir='ltr'>uon·</span> <span class='ocrx_word' id='word_1_7' title='bbox 408 279 482 354; x_wconf 80' lang='lat' dir='ltr'>erat,</span> <span class='ocrx_word' id='word_1_8' title='bbox 501 291 607 355; x_wconf 84' lang='lat' dir='ltr'>magnis</span> <span class='ocrx_word' id='word_1_9' title='bbox 622 289 774 340; x_wconf 68' lang='lat' dir='ltr'><strong>itineribus</strong></span> <span class='ocrx_word' id='word_1_10' title='bbox 790 288 824 340; x_wconf 82' lang='lat' dir='ltr'>ed</span> <span class='ocrx_word' id='word_1_11' title='bbox 847 291 999 342; x_wconf 82' lang='lat' dir='ltr'>Antonium</span> 
     </span>
     <span class='ocr_line' id='line_1_3' title="bbox 195 357 999 426; baseline -0.001 -16"><span class='ocrx_word' id='word_1_12' title='bbox 195 357 351 420; x_wconf 83' lang='lat' dir='ltr'>contendit3</span> <span class='ocrx_word' id='word_1_13' title='bbox 371 365 469 426; x_wconf 87' lang='lat' dir='ltr'>atque,</span> <span class='ocrx_word' id='word_1_14' title='bbox 492 373 554 408; x_wconf 88' lang='lat' dir='ltr'>eum</span> <span class='ocrx_word' id='word_1_15' title='bbox 567 359 613 408; x_wconf 94' lang='lat' dir='ltr'>ubi</span> <span class='ocrx_word' id='word_1_16' title='bbox 625 359 846 426; x_wconf 89' lang='lat' dir='ltr'>adpropinquare</span> <span class='ocrx_word' id='word_1_17' title='bbox 858 363 999 426; x_wconf 82' lang='lat' dir='ltr'>cognovit,</span> 
     </span>
    </p>
   </div>
   <div class='ocr_carea' id='block_1_3' title="bbox 195 427 1082 495">
    <p class='ocr_par' dir='ltr' id='par_1_3' title="bbox 195 427 1082 495">
     <span class='ocr_line' id='line_1_4' title="bbox 195 427 1082 495; baseline 0.002 -16"><span class='ocrx_word' id='word_1_18' title='bbox 195 429 328 480; x_wconf 88' lang='lat' dir='ltr'>idoneum</span> <span class='ocrx_word' id='word_1_19' title='bbox 346 428 436 478; x_wconf 89' lang='lat' dir='ltr'>locum</span> <span class='ocrx_word' id='word_1_20' title='bbox 457 435 563 488; x_wconf 88' lang='lat' dir='ltr'>nactus,</span> <span class='ocrx_word' id='word_1_21' title='bbox 581 431 620 481; x_wconf 89' lang='lat' dir='ltr'>ibi</span> <span class='ocrx_word' id='word_1_22' title='bbox 637 432 728 495; x_wconf 85' lang='lat' dir='ltr'>copias</span> <span class='ocrx_word' id='word_1_23' title='bbox 745 429 1000 491; x_wconf 63' lang='lat' dir='ltr'>collocavit-suos·</span> <span class='ocrx_word' id='word_1_24' title='bbox 1081 427 1082 452; x_wconf 74' lang='lat'>³</span> 
     </span>
    </p>
   </div>
   <div class='ocr_carea' id='block_1_4' title="bbox 137 499 1000 639">
    <p class='ocr_par' dir='ltr' id='par_1_4' title="bbox 137 499 1000 639">
     <span class='ocr_line' id='line_1_5' title="bbox 195 499 999 569; baseline -0.004 -18"><span class='ocrx_word' id='word_1_25' title='bbox 195 515 247 569; x_wconf 89' lang='lat' dir='ltr'>que</span> <span class='ocrx_word' id='word_1_26' title='bbox 259 513 355 551; x_wconf 87' lang='lat' dir='ltr'>onrnes</span> <span class='ocrx_word' id='word_1_27' title='bbox 368 501 467 550; x_wconf 86' lang='lat' dir='ltr'>eastris</span> <span class='ocrx_word' id='word_1_28' title='bbox 478 502 615 551; x_wconf 84' lang='lat' dir='ltr'>continuit</span> <span class='ocrx_word' id='word_1_29' title='bbox 625 501 759 567; x_wconf 84' lang='lat' dir='ltr'>ignesque</span> <span class='ocrx_word' id='word_1_30' title='bbox 771 501 834 550; x_wconf 88' lang='lat' dir='ltr'>lieri</span> <span class='ocrx_word' id='word_1_31' title='bbox 847 499 999 565; x_wconf 78' lang='lat' dir='ltr'>prohibuit,</span> 
     </span>
     <span class='ocr_line' id='line_1_6' title="bbox 137 569 1000 639; baseline 0 -19"><span class='ocrx_word' id='word_1_32' title='bbox 137 603 138 608; x_wconf 56' lang='lat'><em>=</em></span> <span class='ocrx_word' id='word_1_33' title='bbox 195 583 249 639; x_wconf 88' lang='lat' dir='ltr'>quo</span> <span class='ocrx_word' id='word_1_34' title='bbox 273 571 408 622; x_wconf 81' lang='lat' dir='ltr'>occultior</span> <span class='ocrx_word' id='word_1_35' title='bbox 423 575 498 621; x_wconf 81' lang='lat' dir='ltr'>esset</span> <span class='ocrx_word' id='word_1_36' title='bbox 512 572 572 621; x_wconf 89' lang='lat' dir='ltr'>eius</span> <span class='ocrx_word' id='word_1_37' title='bbox 588 571 733 620; x_wconf 86' lang='lat' dir='ltr'>adventus.</span> <span class='ocrx_word' id='word_1_38' title='bbox 769 569 847 620; x_wconf 88' lang='lat' dir='ltr'>Haec</span> <span class='ocrx_word' id='word_1_39' title='bbox 861 569 895 620; x_wconf 90' lang='lat' dir='ltr'>ad</span> <span class='ocrx_word' id='word_1_40' title='bbox 916 571 1000 620; x_wconf 83' lang='lat' dir='ltr'>Anto·</span> 
     </span>
    </p>
   </div>
   <div class='ocr_carea' id='block_1_5' title="bbox 109 639 1000 707">
    <p class='ocr_par' dir='ltr' id='par_1_5' title="bbox 109 639 1000 707">
     <span class='ocr_line' id='line_1_7' title="bbox 109 639 1000 707; baseline -0.001 -16"><span class='ocrx_word' id='word_1_41' title='bbox 109 665 110 671; x_wconf 62' lang='lat'><em>=</em></span> <span class='ocrx_word' id='word_1_42' title='bbox 196 644 271 692; x_wconf 91' lang='lat' dir='ltr'>nium</span> <span class='ocrx_word' id='word_1_43' title='bbox 293 642 386 691; x_wconf 86' lang='lat' dir='ltr'>statim</span> <span class='ocrx_word' id='word_1_44' title='bbox 407 655 457 707; x_wconf 92' lang='lat' dir='ltr'>per</span> <span class='ocrx_word' id='word_1_45' title='bbox 469 640 590 692; x_wconf 82' lang='lat' dir='ltr'>Graecos</span> <span class='ocrx_word' id='word_1_46' title='bbox 613 639 785 690; x_wconf 88' lang='lat' dir='ltr'>deferuntur.</span> <span class='ocrx_word' id='word_1_47' title='bbox 821 639 883 702; x_wconf 88' lang='lat' dir='ltr'>llle,</span> <span class='ocrx_word' id='word_1_48' title='bbox 905 640 1000 690; x_wconf 83' lang='lat' dir='ltr'>missis</span> 
     </span>
    </p>
   </div>
   <div class='ocr_carea' id='block_1_6' title="bbox 196 709 997 771">
    <p class='ocr_par' dir='ltr' id='par_1_6' title="bbox 196 709 997 771">
     <span class='ocr_line' id='line_1_8' title="bbox 196 709 997 771; baseline -0.006 -8"><span class='ocrx_word' id='word_1_49' title='bbox 196 711 231 763; x_wconf 83' lang='lat' dir='ltr'>ad</span> <span class='ocrx_word' id='word_1_50' title='bbox 243 713 387 761; x_wconf 82' lang='lat' dir='ltr'>Caesarem</span> <span class='ocrx_word' id='word_1_51' title='bbox 400 711 514 771; x_wconf 88' lang='lat' dir='ltr'>nunciis,</span> <span class='ocrx_word' id='word_1_52' title='bbox 526 725 610 760; x_wconf 91' lang='lat' dir='ltr'>unum</span> <span class='ocrx_word' id='word_1_53' title='bbox 624 709 696 760; x_wconf 88' lang='lat' dir='ltr'>diem</span> <span class='ocrx_word' id='word_1_54' title='bbox 708 723 769 759; x_wconf 88' lang='lat' dir='ltr'>sese</span> <span class='ocrx_word' id='word_1_55' title='bbox 780 711 880 760; x_wconf 86' lang='lat' dir='ltr'>castris</span> <span class='ocrx_word' id='word_1_56' title='bbox 892 710 997 760; x_wconf 88' lang='lat' dir='ltr'>tenuit:</span> 
     </span>
    </p>
   </div>
   <div class='ocr_carea' id='block_1_7' title="bbox 198 779 1082 846">
    <p class='ocr_par' dir='ltr' id='par_1_7' title="bbox 198 779 1082 846">
     <span class='ocr_line' id='line_1_9' title="bbox 198 779 1082 846; baseline -0.005 -14"><span class='ocrx_word' id='word_1_57' title='bbox 198 782 287 832; x_wconf 86' lang='lat' dir='ltr'>altero</span> <span class='ocrx_word' id='word_1_58' title='bbox 300 780 343 832; x_wconf 86' lang='lat' dir='ltr'>die</span> <span class='ocrx_word' id='word_1_59' title='bbox 360 780 394 830; x_wconf 89' lang='lat' dir='ltr'>ad</span> <span class='ocrx_word' id='word_1_60' title='bbox 412 795 474 831; x_wconf 88' lang='lat' dir='ltr'>eum</span> <span class='ocrx_word' id='word_1_61' title='bbox 491 781 617 846; x_wconf 79' lang='lat' dir='ltr'>pervenit</span> <span class='ocrx_word' id='word_1_62' title='bbox 634 780 744 829; x_wconf 80' lang='lat' dir='ltr'>Caesar.</span> <span class='ocrx_word' id='word_1_63' title='bbox 781 779 1000 830; x_wconf 84' lang='lat' dir='ltr'>Cuius-adventu</span> <span class='ocrx_word' id='word_1_64' title='bbox 1080 801 1082 822; x_wconf 62' lang='lat' dir='ltr'>s</span> 
     </span>
    </p>
   </div>
   <div class='ocr_carea' id='block_1_8' title="bbox 196 847 1082 1334">
    <p class='ocr_par' dir='ltr' id='par_1_8' title="bbox 196 847 1082 1123">
     <span class='ocr_line' id='line_1_10' title="bbox 199 847 1082 918; baseline -0.005 -16"><span class='ocrx_word' id='word_1_65' title='bbox 199 852 326 918; x_wconf 82' lang='lat' dir='ltr'>cognito,</span> <span class='ocrx_word' id='word_1_66' title='bbox 356 849 520 916; x_wconf 86' lang='lat' dir='ltr'>Pompeius,</span> <span class='ocrx_word' id='word_1_67' title='bbox 549 865 584 899; x_wconf 91' lang='lat' dir='ltr'>ne</span> <span class='ocrx_word' id='word_1_68' title='bbox 606 849 712 900; x_wconf 89' lang='lat' dir='ltr'>duobus</span> <span class='ocrx_word' id='word_1_69' title='bbox 733 847 1001 899; x_wconf 87' lang='lat' dir='ltr'>circumcluderetur</span> <span class='ocrx_word' id='word_1_70' title='bbox 1081 911 1082 914; x_wconf 8' lang='grc' dir='ltr'><strong>Ἴ</strong></span> 
     </span>
     <span class='ocr_line' id='line_1_11' title="bbox 198 913 1082 990; baseline -0.006 -17"><span class='ocrx_word' id='word_1_71' title='bbox 198 913 371 980; x_wconf 68' lang='lat' dir='ltr'>esereitibus</span> <span class='ocrx_word' id='word_1_72' title='bbox 391 933 425 970; x_wconf 84' lang='lat' dir='ltr'>ex</span> <span class='ocrx_word' id='word_1_73' title='bbox 441 932 473 969; x_wconf 86' lang='lat' dir='ltr'>eo</span> <span class='ocrx_word' id='word_1_74' title='bbox 490 918 551 968; x_wconf 90' lang='lat' dir='ltr'>loeo</span> <span class='ocrx_word' id='word_1_75' title='bbox 567 919 693 979; x_wconf 81' lang='lat' dir='ltr'>discedit,</span> <span class='ocrx_word' id='word_1_76' title='bbox 712 917 893 985; x_wconf 86' lang='lat' dir='ltr'>omnibusque</span> <span class='ocrx_word' id='word_1_77' title='bbox 911 919 1002 984; x_wconf 89' lang='lat' dir='ltr'>copil&#39;s</span> <span class='ocrx_word' id='word_1_78' title='bbox 1081 947 1082 990; x_wconf 56' lang='lat' dir='ltr'>q</span> 
     </span>
     <span class='ocr_line' id='line_1_12' title="bbox 196 981 1004 1056; baseline -0.006 -15"><span class='ocrx_word' id='word_1_79' title='bbox 196 991 234 1041; x_wconf 88' lang='lat' dir='ltr'>ad</span> <span class='ocrx_word' id='word_1_80' title='bbox 249 990 430 1056; x_wconf 75' lang='lat' dir='ltr'>Asparagium</span> <span class='ocrx_word' id='word_1_81' title='bbox 447 986 704 1054; x_wconf 78' lang='lat' dir='ltr'>Dyrrhachinorum</span> <span class='ocrx_word' id='word_1_82' title='bbox 720 989 847 1056; x_wconf 82' lang='lat' dir='ltr'>pervenit</span> <span class='ocrx_word' id='word_1_83' title='bbox 863 981 948 1054; x_wconf 85' lang='lat' dir='ltr'>atque</span> <span class='ocrx_word' id='word_1_84' title='bbox 964 989 1004 1038; x_wconf 90' lang='lat' dir='ltr'>ibi</span> 
     </span>
     <span class='ocr_line' id='line_1_13' title="bbox 198 1058 725 1123; baseline -0.015 -15"><span class='ocrx_word' id='word_1_85' title='bbox 198 1059 299 1110; x_wconf 84' lang='lat' dir='ltr'>idoneo</span> <span class='ocrx_word' id='word_1_86' title='bbox 312 1058 371 1106; x_wconf 90' lang='lat' dir='ltr'>loco</span> <span class='ocrx_word' id='word_1_87' title='bbox 384 1062 476 1107; x_wconf 84' lang='lat' dir='ltr'>castra</span> <span class='ocrx_word' id='word_1_88' title='bbox 488 1059 573 1123; x_wconf 88' lang='lat' dir='ltr'>ponit.</span> <span class='ocrx_word' id='word_1_89' title='bbox 723 1097 725 1100; x_wconf 88' lang='lat'>.</span> 
     </span>
    </p>

    <p class='ocr_par' dir='ltr' id='par_1_9' title="bbox 198 1123 1005 1334">
     <span class='ocr_line' id='line_1_14' title="bbox 218 1123 1003 1192; baseline -0.003 -14"><span class='ocrx_word' id='word_1_90' title='bbox 218 1133 221 1140; x_wconf 88' lang='lat'>&#39;</span> <span class='ocrx_word' id='word_1_91' title='bbox 251 1128 350 1178; x_wconf 82' lang='lat' dir='ltr'><strong>XXXI.</strong></span> <span class='ocrx_word' id='word_1_92' title='bbox 369 1127 421 1177; x_wconf 86' lang='lat' dir='ltr'>llis</span> <span class='ocrx_word' id='word_1_93' title='bbox 435 1127 605 1192; x_wconf 75' lang='lat' dir='ltr'>temporibus</span> <span class='ocrx_word' id='word_1_94' title='bbox 625 1123 729 1191; x_wconf 89' lang='lat' dir='ltr'>Scipio,</span> <span class='ocrx_word' id='word_1_95' title='bbox 749 1125 924 1176; x_wconf 80' lang='lat' dir='ltr'>detrimentis</span> <span class='ocrx_word' id='word_1_96' title='bbox 941 1128 1003 1192; x_wconf 89' lang='lat' dir='ltr'>qui·</span> 
     </span>
     <span class='ocr_line' id='line_1_15' title="bbox 198 1196 1005 1262; baseline -0.004 -13"><span class='ocrx_word' id='word_1_97' title='bbox 198 1198 313 1249; x_wconf 87' lang='lat' dir='ltr'>busdam</span> <span class='ocrx_word' id='word_1_98' title='bbox 327 1199 402 1248; x_wconf 87' lang='lat' dir='ltr'>cirea</span> <span class='ocrx_word' id='word_1_99' title='bbox 412 1202 533 1248; x_wconf 89' lang='lat' dir='ltr'>montem</span> <span class='ocrx_word' id='word_1_100' title='bbox 546 1198 679 1247; x_wconf 78' lang='lat' dir='ltr'>Amanum</span> <span class='ocrx_word' id='word_1_101' title='bbox 692 1196 822 1261; x_wconf 81' lang='lat' dir='ltr'>acceptis,</span> <span class='ocrx_word' id='word_1_102' title='bbox 844 1209 906 1245; x_wconf 88' lang='lat' dir='ltr'>sese</span> <span class='ocrx_word' id='word_1_103' title='bbox 917 1197 1005 1262; x_wconf 88' lang='lat' dir='ltr'>impe·</span> 
     </span>
     <span class='ocr_line' id='line_1_16' title="bbox 199 1263 1005 1334; baseline -0.002 -16"><span class='ocrx_word' id='word_1_104' title='bbox 199 1274 321 1319; x_wconf 82' lang='lat' dir='ltr'>retorem</span> <span class='ocrx_word' id='word_1_105' title='bbox 334 1266 532 1334; x_wconf 85' lang='lat' dir='ltr'>adpellaverat.</span> <span class='ocrx_word' id='word_1_106' title='bbox 568 1266 629 1328; x_wconf 75' lang='lat' dir='ltr'>Quo</span> <span class='ocrx_word' id='word_1_107' title='bbox 641 1265 724 1329; x_wconf 82' lang='lat' dir='ltr'>facto,</span> <span class='ocrx_word' id='word_1_108' title='bbox 736 1263 893 1316; x_wconf 87' lang='lat' dir='ltr'>civitatibus</span> <span class='ocrx_word' id='word_1_109' title='bbox 904 1269 1005 1332; x_wconf 86' lang='lat' dir='ltr'>tyran·</span> 
     </span>
    </p>
   </div>
   <div class='ocr_carea' id='block_1_9' title="bbox 199 1336 1082 1406">
    <p class='ocr_par' dir='ltr' id='par_1_10' title="bbox 199 1336 1082 1406">
     <span class='ocr_line' id='line_1_17' title="bbox 199 1336 1082 1406; baseline -0.003 -17"><span class='ocrx_word' id='word_1_110' title='bbox 199 1339 297 1403; x_wconf 84' lang='lat' dir='ltr'>nisque</span> <span class='ocrx_word' id='word_1_111' title='bbox 309 1351 423 1406; x_wconf 83' lang='lat' dir='ltr'>magnas</span> <span class='ocrx_word' id='word_1_112' title='bbox 440 1339 626 1402; x_wconf 83' lang='lat' dir='ltr'>imperaverat</span> <span class='ocrx_word' id='word_1_113' title='bbox 641 1337 784 1404; x_wconf 82' lang='lat' dir='ltr'>pecunias:</span> <span class='ocrx_word' id='word_1_114' title='bbox 806 1336 873 1386; x_wconf 90' lang='lat' dir='ltr'>item</span> <span class='ocrx_word' id='word_1_115' title='bbox 887 1350 904 1385; x_wconf 90' lang='lat' dir='ltr'>a</span> <span class='ocrx_word' id='word_1_116' title='bbox 916 1337 1006 1402; x_wconf 89' lang='lat' dir='ltr'>publi-</span> <span class='ocrx_word' id='word_1_117' title='bbox 1080 1389 1082 1396; x_wconf 71' lang='grc'>,</span> 
     </span>
    </p>
   </div>
   <div class='ocr_carea' id='block_1_10' title="bbox 133 1406 1006 2664">
    <p class='ocr_par' dir='ltr' id='par_1_11' title="bbox 133 1406 1006 2241">
     <span class='ocr_line' id='line_1_18' title="bbox 200 1406 1006 1473; baseline 0 -15"><span class='ocrx_word' id='word_1_118' title='bbox 200 1410 276 1459; x_wconf 84' lang='lat' dir='ltr'>canis</span> <span class='ocrx_word' id='word_1_119' title='bbox 288 1423 353 1458; x_wconf 86' lang='lat' dir='ltr'>suae</span> <span class='ocrx_word' id='word_1_120' title='bbox 365 1407 520 1473; x_wconf 83' lang='lat' dir='ltr'>provinciae</span> <span class='ocrx_word' id='word_1_121' title='bbox 532 1406 653 1458; x_wconf 85' lang='lat' dir='ltr'>debitam</span> <span class='ocrx_word' id='word_1_122' title='bbox 664 1406 769 1458; x_wconf 91' lang='lat' dir='ltr'>biennii</span> <span class='ocrx_word' id='word_1_123' title='bbox 782 1407 928 1473; x_wconf 88' lang='lat' dir='ltr'>pecuniam</span> <span class='ocrx_word' id='word_1_124' title='bbox 939 1421 1006 1458; x_wconf 83' lang='lat' dir='ltr'>exe·</span> 
     </span>
     <span class='ocr_line' id='line_1_19' title="bbox 200 1477 1002 1546; baseline -0.002 -17"><span class='ocrx_word' id='word_1_125' title='bbox 200 1483 280 1546; x_wconf 85' lang='lat' dir='ltr'>gerat</span> <span class='ocrx_word' id='word_1_126' title='bbox 292 1484 323 1528; x_wconf 59' lang='lat' dir='ltr'>et&lt;</span> <span class='ocrx_word' id='word_1_127' title='bbox 331 1479 365 1530; x_wconf 90' lang='lat' dir='ltr'>ab</span> <span class='ocrx_word' id='word_1_128' title='bbox 377 1477 480 1530; x_wconf 89' lang='lat' dir='ltr'>eisdem</span> <span class='ocrx_word' id='word_1_129' title='bbox 490 1477 662 1544; x_wconf 84' lang='lat' dir='ltr'>insequentis</span> <span class='ocrx_word' id='word_1_130' title='bbox 679 1479 745 1527; x_wconf 91' lang='lat' dir='ltr'>anni</span> <span class='ocrx_word' id='word_1_131' title='bbox 754 1481 878 1528; x_wconf 85' lang='lat' dir='ltr'>mutuam</span> <span class='ocrx_word' id='word_1_132' title='bbox 890 1491 1002 1542; x_wconf 87' lang='lat' dir='ltr'>praece-</span> 
     </span>
     <span class='ocr_line' id='line_1_20' title="bbox 133 1546 1003 1616; baseline -0.005 -17"><span class='ocrx_word' id='word_1_133' title='bbox 133 1547 136 1554; x_wconf 53' lang='lat'>*</span> <span class='ocrx_word' id='word_1_134' title='bbox 197 1554 280 1614; x_wconf 85' lang='lat' dir='ltr'>perat</span> <span class='ocrx_word' id='word_1_135' title='bbox 290 1549 453 1616; x_wconf 78' lang='lat' dir='ltr'>equitesque</span> <span class='ocrx_word' id='word_1_136' title='bbox 469 1549 522 1598; x_wconf 86' lang='lat' dir='ltr'>toti</span> <span class='ocrx_word' id='word_1_137' title='bbox 537 1549 693 1614; x_wconf 76' lang='lat' dir='ltr'>provinciae</span> <span class='ocrx_word' id='word_1_138' title='bbox 708 1549 901 1614; x_wconf 82' lang='lat' dir='ltr'>imperaverat.</span> <span class='ocrx_word' id='word_1_139' title='bbox 938 1546 1003 1608; x_wconf 75' lang='lat' dir='ltr'>Qui-</span> 
     </span>
     <span class='ocr_line' id='line_1_21' title="bbox 199 1616 1004 1682; baseline -0.002 -15"><span class='ocrx_word' id='word_1_140' title='bbox 199 1619 257 1668; x_wconf 41' lang='lat' dir='ltr'>bus*</span> <span class='ocrx_word' id='word_1_141' title='bbox 268 1621 382 1679; x_wconf 85' lang='lat' dir='ltr'>coactis,</span> <span class='ocrx_word' id='word_1_142' title='bbox 403 1619 527 1668; x_wconf 86' lang='lat' dir='ltr'>linitimis</span> <span class='ocrx_word' id='word_1_143' title='bbox 544 1617 671 1669; x_wconf 87' lang='lat' dir='ltr'>hostibus</span> <span class='ocrx_word' id='word_1_144' title='bbox 689 1616 799 1668; x_wconf 88' lang='lat' dir='ltr'>Parthis</span> <span class='ocrx_word' id='word_1_145' title='bbox 814 1621 877 1682; x_wconf 87' lang='lat' dir='ltr'>post</span> <span class='ocrx_word' id='word_1_146' title='bbox 891 1631 921 1666; x_wconf 89' lang='lat' dir='ltr'>se</span> <span class='ocrx_word' id='word_1_147' title='bbox 939 1616 1004 1667; x_wconf 75' lang='lat' dir='ltr'>reli&#39;-</span> 
     </span>
     <span class='ocr_line' id='line_1_22' title="bbox 200 1686 1003 1754; baseline -0.002 -16"><span class='ocrx_word' id='word_1_148' title='bbox 200 1690 262 1747; x_wconf 83' lang='lat' dir='ltr'>ctis,</span> <span class='ocrx_word' id='word_1_149' title='bbox 274 1689 321 1754; x_wconf 83' lang='lat' dir='ltr'>qui</span> <span class='ocrx_word' id='word_1_150' title='bbox 333 1688 426 1752; x_wconf 86' lang='lat' dir='ltr'>paullo</span> <span class='ocrx_word' id='word_1_151' title='bbox 441 1692 504 1738; x_wconf 87' lang='lat' dir='ltr'>ante</span> <span class='ocrx_word' id='word_1_152' title='bbox 516 1688 555 1738; x_wconf 89' lang='grc' dir='ltr'>Μ.</span> <span class='ocrx_word' id='word_1_153' title='bbox 566 1690 697 1739; x_wconf 85' lang='lat' dir='ltr'>Crassum</span> <span class='ocrx_word' id='word_1_154' title='bbox 708 1689 904 1754; x_wconf 88' lang='lat' dir='ltr'>imperatorem</span> <span class='ocrx_word' id='word_1_155' title='bbox 917 1686 1003 1738; x_wconf 88' lang='lat' dir='ltr'>inter-</span> 
     </span>
     <span class='ocr_line' id='line_1_23' title="bbox 200 1755 1003 1817; baseline -0.001 -10"><span class='ocrx_word' id='word_1_156' title='bbox 200 1755 324 1807; x_wconf 80' lang='lat' dir='ltr'>fecerant</span> <span class='ocrx_word' id='word_1_157' title='bbox 336 1757 414 1806; x_wconf 86' lang='lat' dir='ltr'>etM.</span> <span class='ocrx_word' id='word_1_158' title='bbox 427 1757 556 1807; x_wconf 81' lang='lat' dir='ltr'>Ribulum</span> <span class='ocrx_word' id='word_1_159' title='bbox 572 1759 602 1806; x_wconf 93' lang='lat' dir='ltr'>in</span> <span class='ocrx_word' id='word_1_160' title='bbox 617 1757 763 1808; x_wconf 81' lang='lat' dir='ltr'>obsidione</span> <span class='ocrx_word' id='word_1_161' title='bbox 778 1756 943 1817; x_wconf 83' lang='lat' dir='ltr'>habuerant,</span> <span class='ocrx_word' id='word_1_162' title='bbox 964 1757 1003 1806; x_wconf 87' lang='lat' dir='ltr'>le-</span> 
     </span>
     <span class='ocr_line' id='line_1_24' title="bbox 139 1826 1002 1892; baseline 0.002 -19"><span class='ocrx_word' id='word_1_163' title='bbox 139 1837 141 1848; x_wconf 91' lang='grc'><strong><em>·</em></strong></span> <span class='ocrx_word' id='word_1_164' title='bbox 199 1827 296 1892; x_wconf 85' lang='lat' dir='ltr'>giones</span> <span class='ocrx_word' id='word_1_165' title='bbox 308 1827 469 1892; x_wconf 89' lang='lat' dir='ltr'>equitesque</span> <span class='ocrx_word' id='word_1_166' title='bbox 481 1839 515 1876; x_wconf 90' lang='lat' dir='ltr'>ex</span> <span class='ocrx_word' id='word_1_167' title='bbox 526 1826 785 1892; x_wconf 82' lang='lat' dir='ltr'>Syriodeduxerat:</span> <span class='ocrx_word' id='word_1_168' title='bbox 798 1839 960 1892; x_wconf 91' lang='lat' dir='ltr'>summaque</span> <span class='ocrx_word' id='word_1_169' title='bbox 972 1827 1002 1876; x_wconf 90' lang='lat' dir='ltr'>in</span> 
     </span>
     <span class='ocr_line' id='line_1_25' title="bbox 176 1893 1003 1960; baseline 0 -16"><span class='ocrx_word' id='word_1_170' title='bbox 176 1915 179 1919; x_wconf 93' lang='lat'>·</span> <span class='ocrx_word' id='word_1_171' title='bbox 199 1893 384 1944; x_wconf 83' lang='lat' dir='ltr'>sollieitudine</span> <span class='ocrx_word' id='word_1_172' title='bbox 401 1909 432 1944; x_wconf 91' lang='lat' dir='ltr'>ac</span> <span class='ocrx_word' id='word_1_173' title='bbox 446 1895 546 1946; x_wconf 90' lang='lat' dir='ltr'>timore</span> <span class='ocrx_word' id='word_1_174' title='bbox 563 1895 683 1946; x_wconf 87' lang='lat' dir='ltr'>Parthici</span> <span class='ocrx_word' id='word_1_175' title='bbox 701 1895 768 1946; x_wconf 89' lang='lat' dir='ltr'>belli</span> <span class='ocrx_word' id='word_1_176' title='bbox 784 1896 814 1945; x_wconf 89' lang='lat' dir='ltr'>in·</span> <span class='ocrx_word' id='word_1_177' title='bbox 829 1894 1003 1960; x_wconf 84' lang='lat' dir='ltr'>provinciam</span> 
     </span>
     <span class='ocr_line' id='line_1_26' title="bbox 199 1964 1003 2032; baseline 0 -18"><span class='ocrx_word' id='word_1_178' title='bbox 199 1979 282 2032; x_wconf 89' lang='lat' dir='ltr'>quum</span> <span class='ocrx_word' id='word_1_179' title='bbox 293 1965 425 2025; x_wconf 78' lang='lat' dir='ltr'>venisset,</span> <span class='ocrx_word' id='word_1_180' title='bbox 447 1979 479 2014; x_wconf 92' lang='lat' dir='ltr'>ac</span> <span class='ocrx_word' id='word_1_181' title='bbox 491 1964 641 2016; x_wconf 83' lang='lat' dir='ltr'>nonnullae</span> <span class='ocrx_word' id='word_1_182' title='bbox 657 1965 777 2016; x_wconf 89' lang='lat' dir='ltr'>militum</span> <span class='ocrx_word' id='word_1_183' title='bbox 794 1973 874 2016; x_wconf 83' lang='lat' dir='ltr'>voces</span> <span class='ocrx_word' id='word_1_184' title='bbox 884 1971 942 2014; x_wconf 90' lang='lat' dir='ltr'>tum</span> <span class='ocrx_word' id='word_1_185' title='bbox 955 1978 1003 2014; x_wconf 88' lang='lat' dir='ltr'>au·</span> 
     </span>
     <span class='ocr_line' id='line_1_27' title="bbox 199 2032 1003 2098; baseline -0.002 -13"><span class='ocrx_word' id='word_1_186' title='bbox 199 2033 335 2096; x_wconf 87' lang='lat' dir='ltr'>direntur,</span> <span class='ocrx_word' id='word_1_187' title='bbox 356 2049 421 2095; x_wconf 78' lang='lat' dir='ltr'>scae,</span> <span class='ocrx_word' id='word_1_188' title='bbox 440 2041 536 2085; x_wconf 85' lang='lat' dir='ltr'>contra</span> <span class='ocrx_word' id='word_1_189' title='bbox 555 2032 655 2086; x_wconf 82' lang='lat' dir='ltr'>hortem</span> <span class='ocrx_word' id='word_1_190' title='bbox 670 2035 694 2086; x_wconf 79' lang='lat' dir='ltr'>ri</span> <span class='ocrx_word' id='word_1_191' title='bbox 708 2036 880 2097; x_wconf 79' lang='lat' dir='ltr'>ducerentur,</span> <span class='ocrx_word' id='word_1_192' title='bbox 899 2033 1003 2098; x_wconf 58' lang='lat' dir='ltr'>ituram</span> 
     </span>
     <span class='ocr_line' id='line_1_28' title="bbox 199 2102 1004 2166; baseline -0.002 -10"><span class='ocrx_word' id='word_1_193' title='bbox 199 2111 293 2156; x_wconf 81' lang='lat' dir='ltr'>contro</span> <span class='ocrx_word' id='word_1_194' title='bbox 304 2102 386 2154; x_wconf 81' lang='lat' dir='ltr'>civem</span> <span class='ocrx_word' id='word_1_195' title='bbox 398 2111 423 2154; x_wconf 86' lang='lat' dir='ltr'>et</span> <span class='ocrx_word' id='word_1_196' title='bbox 438 2105 571 2156; x_wconf 78' lang='lat' dir='ltr'>coarrclem</span> <span class='ocrx_word' id='word_1_197' title='bbox 588 2121 665 2157; x_wconf 78' lang='lat' dir='ltr'>orrea</span> <span class='ocrx_word' id='word_1_198' title='bbox 675 2122 727 2157; x_wconf 82' lang='lat' dir='ltr'>noa</span> <span class='ocrx_word' id='word_1_199' title='bbox 736 2107 840 2156; x_wconf 76' lang='lat' dir='ltr'>latraret</span> <span class='ocrx_word' id='word_1_200' title='bbox 848 2121 858 2166; x_wconf 89' lang='lat'><em>;</em></span> <span class='ocrx_word' id='word_1_201' title='bbox 877 2104 1004 2156; x_wconf 79' lang='lat' dir='ltr'>dedoctis</span> 
     </span>
     <span class='ocr_line' id='line_1_29' title="bbox 200 2173 1005 2241; baseline -0.001 -15"><span class='ocrx_word' id='word_1_202' title='bbox 200 2174 364 2241; x_wconf 81' lang='lat' dir='ltr'>Pergamum</span> <span class='ocrx_word' id='word_1_203' title='bbox 375 2179 458 2241; x_wconf 89' lang='lat' dir='ltr'>atque</span> <span class='ocrx_word' id='word_1_204' title='bbox 469 2177 495 2224; x_wconf 92' lang='lat' dir='ltr'>in</span> <span class='ocrx_word' id='word_1_205' title='bbox 507 2174 740 2241; x_wconf 85' lang='lat' dir='ltr'>locupletissimas</span> <span class='ocrx_word' id='word_1_206' title='bbox 752 2177 833 2227; x_wconf 86' lang='lat' dir='ltr'>urbes</span> <span class='ocrx_word' id='word_1_207' title='bbox 845 2177 873 2225; x_wconf 93' lang='lat' dir='ltr'>in</span> <span class='ocrx_word' id='word_1_208' title='bbox 886 2173 1005 2225; x_wconf 79' lang='lat' dir='ltr'>hiberna</span> 
     </span>
    </p>

    <p class='ocr_par' dir='ltr' id='par_1_12' title="bbox 147 2243 1004 2453">
     <span class='ocr_line' id='line_1_30' title="bbox 147 2243 1004 2313; baseline -0.002 -19"><span class='ocrx_word' id='word_1_209' title='bbox 147 2246 150 2255; x_wconf 62' lang='lat'><strong><em>¹</em></strong></span> <span class='ocrx_word' id='word_1_210' title='bbox 199 2243 369 2312; x_wconf 85' lang='lat' dir='ltr'>legionibus,</span> <span class='ocrx_word' id='word_1_211' title='bbox 389 2245 524 2295; x_wconf 80' lang='lat' dir='ltr'>maximas</span> <span class='ocrx_word' id='word_1_212' title='bbox 539 2245 705 2313; x_wconf 83' lang='lat' dir='ltr'>largitiones</span> <span class='ocrx_word' id='word_1_213' title='bbox 717 2245 786 2297; x_wconf 87' lang='lat' dir='ltr'>fecit</span> <span class='ocrx_word' id='word_1_214' title='bbox 798 2251 827 2298; x_wconf 92' lang='lat' dir='ltr'>et</span> <span class='ocrx_word' id='word_1_215' title='bbox 838 2247 1004 2296; x_wconf 84' lang='lat' dir='ltr'>confirman-</span> 
     </span>
     <span class='ocr_line' id='line_1_31' title="bbox 198 2313 1001 2382; baseline -0.001 -17"><span class='ocrx_word' id='word_1_216' title='bbox 198 2315 296 2365; x_wconf 89' lang='lat' dir='ltr'>dorum</span> <span class='ocrx_word' id='word_1_217' title='bbox 309 2314 427 2364; x_wconf 85' lang='lat' dir='ltr'>rnilitum</span> <span class='ocrx_word' id='word_1_218' title='bbox 440 2329 537 2366; x_wconf 85' lang='lat' dir='ltr'>caussa</span> <span class='ocrx_word' id='word_1_219' title='bbox 548 2317 718 2382; x_wconf 77' lang='lat' dir='ltr'>diripiendas</span> <span class='ocrx_word' id='word_1_220' title='bbox 729 2317 763 2366; x_wconf 86' lang='lat' dir='ltr'>iis</span> <span class='ocrx_word' id='word_1_221' title='bbox 775 2317 904 2368; x_wconf 86' lang='lat' dir='ltr'>civitates</span> <span class='ocrx_word' id='word_1_222' title='bbox 916 2313 1001 2365; x_wconf 87' lang='lat' dir='ltr'>dedit.</span> 
     </span>
     <span class='ocr_line' id='line_1_32' title="bbox 252 2383 1003 2453; baseline 0.004 -20"><span class='ocrx_word' id='word_1_223' title='bbox 252 2383 366 2434; x_wconf 85' lang='lat' dir='ltr'>XXXll.</span> <span class='ocrx_word' id='word_1_224' title='bbox 383 2385 498 2436; x_wconf 89' lang='lat' dir='ltr'>lnterim</span> <span class='ocrx_word' id='word_1_225' title='bbox 511 2387 689 2438; x_wconf 78' lang='lat' dir='ltr'>acerbissime</span> <span class='ocrx_word' id='word_1_226' title='bbox 704 2388 857 2453; x_wconf 84' lang='lat' dir='ltr'>imperatae</span> <span class='ocrx_word' id='word_1_227' title='bbox 870 2386 1003 2452; x_wconf 82' lang='lat' dir='ltr'>pecuniae</span> 
     </span>
    </p>

    <p class='ocr_par' dir='ltr' id='par_1_13' title="bbox 134 2455 1002 2664">
     <span class='ocr_line' id='line_1_33' title="bbox 157 2455 1000 2524; baseline 0.002 -20"><span class='ocrx_word' id='word_1_228' title='bbox 157 2519 160 2524; x_wconf 27' lang='lat'>¹</span> <span class='ocrx_word' id='word_1_229' title='bbox 200 2455 259 2504; x_wconf 89' lang='lat' dir='ltr'>tota</span> <span class='ocrx_word' id='word_1_230' title='bbox 276 2455 417 2518; x_wconf 84' lang='lat' dir='ltr'>provincia</span> <span class='ocrx_word' id='word_1_231' title='bbox 432 2456 626 2522; x_wconf 83' lang='lat' dir='ltr'>exigebantur:</span> <span class='ocrx_word' id='word_1_232' title='bbox 643 2456 736 2507; x_wconf 87' lang='lat' dir='ltr'>multa</span> <span class='ocrx_word' id='word_1_233' title='bbox 753 2461 899 2523; x_wconf 86' lang='lat' dir='ltr'>praeterea</span> <span class='ocrx_word' id='word_1_234' title='bbox 917 2469 1000 2521; x_wconf 86' lang='lat' dir='ltr'>gene·</span> 
     </span>
     <span class='ocr_line' id='line_1_34' title="bbox 134 2523 1002 2594; baseline 0.001 -22"><span class='ocrx_word' id='word_1_235' title='bbox 134 2527 142 2544; x_wconf 73' lang='lat'><strong>²</strong></span> <span class='ocrx_word' id='word_1_236' title='bbox 198 2523 281 2572; x_wconf 79' lang='lat' dir='ltr'>ratim</span> <span class='ocrx_word' id='word_1_237' title='bbox 297 2523 332 2572; x_wconf 92' lang='lat' dir='ltr'>ad</span> <span class='ocrx_word' id='word_1_238' title='bbox 349 2526 493 2574; x_wconf 81' lang='lat' dir='ltr'>avaritiam</span> <span class='ocrx_word' id='word_1_239' title='bbox 514 2527 753 2594; x_wconf 77' lang='lat' dir='ltr'>excogitabantur.</span> <span class='ocrx_word' id='word_1_240' title='bbox 790 2526 820 2577; x_wconf 92' lang='lat' dir='ltr'>ln</span> <span class='ocrx_word' id='word_1_241' title='bbox 836 2527 927 2591; x_wconf 88' lang='lat' dir='ltr'>capita</span> <span class='ocrx_word' id='word_1_242' title='bbox 946 2525 1002 2574; x_wconf 87' lang='lat' dir='ltr'>sin-</span> 
     </span>
     <span class='ocr_line' id='line_1_35' title="bbox 196 2592 1000 2664; baseline 0.004 -23"><span class='ocrx_word' id='word_1_243' title='bbox 196 2592 419 2657; x_wconf 71' lang='lat' dir='ltr'>gula&#39;serrorum</span> <span class='ocrx_word' id='word_1_244' title='bbox 432 2609 465 2644; x_wconf 85' lang='lat' dir='ltr'>ae</span> <span class='ocrx_word' id='word_1_245' title='bbox 475 2595 626 2646; x_wconf 87' lang='lat' dir='ltr'>liberorum</span> <span class='ocrx_word' id='word_1_246' title='bbox 644 2597 779 2647; x_wconf 90' lang='lat' dir='ltr'>tributum</span> <span class='ocrx_word' id='word_1_247' title='bbox 792 2596 1000 2664; x_wconf 74' lang='lat' dir='ltr'>imponebatur&#39;</span> 
     </span>
    </p>
   </div>
   <div class='ocr_carea' id='block_1_11' title="bbox 198 2660 1076 2811">
    <p class='ocr_par' dir='ltr' id='par_1_14' title="bbox 198 2660 1076 2811">
     <span class='ocr_line' id='line_1_36' title="bbox 199 2660 1000 2732; baseline 0.006 -23"><span class='ocrx_word' id='word_1_248' title='bbox 199 2660 377 2723; x_wconf 82' lang='lat' dir='ltr'>eolunrnaria,</span> <span class='ocrx_word' id='word_1_249' title='bbox 398 2667 521 2728; x_wconf 81' lang='lat' dir='ltr'>ostiaria,</span> <span class='ocrx_word' id='word_1_250' title='bbox 541 2665 722 2727; x_wconf 81' lang='lat' dir='ltr'>frumentum,</span> <span class='ocrx_word' id='word_1_251' title='bbox 742 2666 853 2727; x_wconf 87' lang='lat' dir='ltr'>milites,</span> <span class='ocrx_word' id='word_1_252' title='bbox 869 2665 1000 2732; x_wconf 84' lang='lat' dir='ltr'>remiges.</span> 
     </span>
     <span class='ocr_line' id='line_1_37' title="bbox 198 2733 1076 2811; baseline 0.016 -38"><span class='ocrx_word' id='word_1_253' title='bbox 198 2733 436 2795; x_wconf 72' lang='lat' dir='ltr'>¹ororetur-mento,</span> <span class='ocrx_word' id='word_1_254' title='bbox 461 2740 591 2784; x_wconf 81' lang='lat' dir='ltr'>vecturae</span> <span class='ocrx_word' id='word_1_255' title='bbox 603 2738 821 2803; x_wconf 79' lang='lat' dir='ltr'>imperabantur:</span> <span class='ocrx_word' id='word_1_256' title='bbox 843 2733 1002 2786; x_wconf 78' lang='lat' dir='ltr'>cuiusmodi</span> <span class='ocrx_word' id='word_1_257' title='bbox 1074 2786 1076 2811; x_wconf 34' lang='grc' dir='ltr'><strong>ἶ</strong></span> 
     </span>
    </p>
   </div>
   <div class='ocr_carea' id='block_1_12' title="bbox 0 0 1097 3140">
    <p class='ocr_par' dir='ltr' id='par_1_15' title="bbox 0 0 1097 3140">
     <span class='ocr_line' id='line_1_38' title="bbox 0 0 1097 3140; baseline 0 0"><span class='ocrx_word' id='word_1_258' title='bbox 0 0 1097 3140; x_wconf 95' lang='lat' dir='ltr'> </span> 
     </span>
    </p>
   </div>
  </div>
 </body>
</html>
