2150 3124
178 177 224 238 ter
366 176 421 230 nu
439 174 584 248 nunno
605 147 790 230 erneiso

177 283 328 336 deficerent
338 288 421 350 atque
430 280 524 334 hostes
535 282 626 334 aerius
636 281 784 344 instarent,
804 279 989 350 languidiori·

176 350 402 419 busquenostris
424 352 524 419 vallum
538 349 664 412 scindere
685 356 713 402 et
732 349 821 402 fossas
841 351 989 417 complere
1061 409 1062 412 ,

175 423 343 487 coepissent,
364 435 464 490 resque
480 427 554 474 esset
568 422 623 490 iam
635 418 670 470 ad
680 425 834 472 extremum
844 420 1002 486 perducta·
1061 449 1062 484 3

175 507 283 551 casum:
297 490 327 552 P.
340 489 452 545 Sextius
462 485 736 561 Baculus,primipili
748 491 885 552 centurio,
897 505 983 558 quem
1061 501 1062 504 ’

173 560 292 614 Nervico
298 561 596 628 proeliooompluribus
605 557 763 611 coniectum
772 556 931 611 vulneribus
942 559 985 614 di·

172 632 277 692 ximus,
288 636 318 682 et
326 632 393 684 item
405 633 434 684 c.
445 631 614 692 Voltueuus,
623 629 752 680 tribunus
763 629 890 692 militum,
900 631 943 686 vir
955 635 986 680 et

113 721 115 728 ·
174 700 281 752 corrsilii
302 703 396 769 magni
412 707 441 753 et
454 702 580 762 virtutis,
599 697 634 750 ed
645 697 762 750 Galbam
778 699 984 752 adcurruntat·

174 785 227 838 que
238 785 321 822 uuam
332 787 392 824 esse
403 786 479 838 spem
489 770 587 821 salutis
598 765 711 830 docent,
730 768 766 830 si,
782 771 931 835 eruptione
942 767 983 819 fa-

174 845 232 903 eta,
243 846 397 892 extremum
407 840 540 892 auxilium
552 838 765 903 experirentur.¹
791 835 902 906 Itaque,
918 853 984 888 eon-

173 911 278 960 vooatis
288 909 501 971 centurionibus,
506 906 636 961 celeriter
647 904 749 958 milites
760 908 894 959 certiores
906 906 983 970 iacit,

171 977 324 1043 paullisper
343 979 561 1040 intermitterent
578 973 716 1042 proelium
733 991 767 1026 ae
786 976 983 1032 tautummodo

171 1045 231 1097 tela
251 1047 334 1098 missa
352 1049 524 1112 exciperent,
553 1059 639 1113 seque
659 1043 798 1096 exlubore
819 1046 982 1109 reticerent3

170 1121 237 1182 poet
254 1116 322 1167 dato
342 1117 420 1184 signo
434 1131 471 1170 ex
479 1116 578 1168 eastris
589 1119 767 1182 erumperent
775 1117 858 1182 atque
870 1129 981 1169 omnem

172 1199 251 1252 spem
260 1185 360 1238 salutis
370 1189 399 1238 in
409 1188 514 1238 virtute·
522 1189 667 1252 ponerent.

225 1255 274 1308 Vl.
310 1255 392 1317 Quod
402 1257 473 1310 iussi
481 1266 559 1319 eunt,
575 1253 682 1308 faciunt
692 1253 840 1316 ae‚subito
852 1254 980 1306 omnibus

128 1359 132 1367 -
170 1325 260 1392 portis
275 1329 423 1393 eruptione
433 1326 521 1390 faeta,
540 1339 630 1444 rexne
640 1322 835 1390 cognoscendi,
856 1323 922 1392 quid
933 1325 981 1376 lie·

170 1400 227 1457 ret,
249 1411 338 1464 neque
357 1398 401 1448 sui
419 1394 569 1463 colligendi
604 1394 709 1446 ostibus
725 1392 886 1444 facultatem
896 1393 978 1445 reliu-

171 1470 268 1532 quent.
304 1467 348 1518 lte
368 1471 538 1518 commutata
556 1463 684 1525 fortuna,
705 1477 769 1524 eos,
788 1463 882 1530 quiin
901 1479 976 1530 spem

169 1535 371 1602 potiundorum
391 1541 546 1600 castrorum
566 1535 712 1593 venerant,
729 1532 850 1601 undique
866 1534 978 1584 eircum-

169 1610 269 1656 rentos
288 1605 461 1658 interficiunt
480 1610 509 1657 et
527 1595 562 1656 ex
576 1602 718 1655 hominum
734 1595 844 1654 milibus
860 1602 977 1670 amplius
1061 1663 1062 1666 Ἴ

168 1675 304 1740 triginta,
323 1688 565 1743 quemnunrerum
579 1673 761 1725 barbarorum
779 1671 814 1723 od
827 1677 921 1723 eastra
935 1687 978 1724 re·
1061 1681 1062 1742 f

168 1745 412 1806 missemnstabnt,
427 1744 584 1810 plustertia
595 1740 976 1811 parteiuterieeta‚reliquos
1061 1755 1062 1804 ξ

167 1814 334 1879 perterritos
352 1815 381 1864 in
401 1813 494 1880 fugam
515 1811 664 1863 coniiciunt
682 1825 715 1862 ao
734 1825 769 1862 ne
788 1811 818 1862 in
837 1810 905 1863 loeis
919 1812 975 1880 qui-

168 1880 231 1932 dem
253 1883 442 1948 superioribus
456 1883 608 1947 consistere
623 1881 776 1948 patiuntur.
812 1878 870 1946 Sie,
892 1883 975 1933 omni·

167 1947 220 2004 tus
231 1949 351 2002 hostium
363 1953 448 2018 copiis
459 1951 528 2004 lusis
537 1951 790 2020 amnisqueexutis,
804 1965 835 2002 se
847 1953 875 2002 in
887 1958 976 2004 eastra

167 2021 394 2090 munitionesque
409 2036 472 2072 suas
492 2021 637 2089 recipiunt.
682 2019 745 2082 Quo
764 2020 873 2090 proelio
893 2021 975 2086 facto,

168 2089 244 2156 wod
258 2092 368 2157 saepius
385 2091 525 2144 fortunam
540 2097 650 2144 tentare
660 2089 750 2142 Galba
765 2089 879 2143 uolebat
893 2097 974 2159 atque

169 2159 225 2212 elio
246 2175 277 2212 se
291 2162 320 2212 in
334 2159 448 2215 hiberna
462 2160 579 2212 oonsilio
592 2161 700 2212 venisse
716 2160 896 2223 meminerat,
915 2161 975 2213 aliis

169 2232 324 2284 occurrisse
333 2231 417 2284 rebus
427 2231 543 2295 viderat,
562 2231 684 2282 maxime
697 2227 830 2281 frumenti
844 2245 976 2283 commea-

168 2302 272 2368 tusque
289 2303 384 2368 inopia
403 2307 558 2368 permotus,
576 2305 689 2368 postero
709 2298 755 2352 die
770 2300 897 2352 omnibus
918 2303 974 2354 eius

168 2369 222 2421 rici
237 2370 369 2424 aediliciis
382 2371 512 2436 incensis,
536 2373 565 2422 in
576 2369 743 2437 provinciam
753 2371 856 2422 reverti
865 2377 974 2425 conteu-

170 2437 223 2490 tlitt
245 2455 280 2493 ae
291 2440 370 2494 nullo
386 2439 465 2494 hoste
480 2439 657 2510 prohibente,
677 2442 726 2490 aut
738 2440 792 2490 iter
807 2439 975 2504 demorante,

168 2508 338 2562 ineolumem
353 2511 490 2578 legionem
505 2509 711 2573 imitamentis,
728 2507 794 2564 iude
809 2509 838 2562 in
852 2510 975 2564 Allobro·

168 2591 218 2644 gas
233 2579 379 2644 perduxit,
398 2582 491 2650 ibique
501 2578 640 2634 hiemavit.

191 2707 192 2710 Ἴ
220 2647 282 2698 Vll.
320 2649 373 2700 llis
384 2651 466 2703 relius
476 2652 576 2720 gestis,
594 2665 678 2718 quum
689 2650 816 2704 omnibus
826 2649 861 2703 de
872 2649 972 2702 caussis

168 2715 270 2768 Caesar
285 2723 412 2784 pecuum
424 2719 544 2774 Gallium
559 2719 744 2786 existimaret,
762 2722 901 2792 superatis
914 2718 970 2775 Bel·
