2168 3134
182 173 237 222 230
401 169 458 222 DE
477 169 625 222 BELLO
646 169 781 224 civim

135 275 139 282 '
177 271 278 342 part,
297 283 391 326 cestu
411 272 586 341 relinquam·
606 272 730 326 tu-tt
749 273 780 326 ia
791 275 892 327 itinere
905 275 988 345 impe·

182 343 296 395 liuntur
309 359 328 394 a
340 343 474 403 t'aetare5
497 343 543 394 ut.
562 343 683 394 antibat
701 344 781 396 retu
800 345 897 397 derasi
910 348 989 398 ealle

181 412 274 480 quiem
289 423 397 481 petunt.
443 411 486 466 85.
508 413 660 485 Afranius
680 415 852 481 reperierit
875 415 987 466 (beser.

180 485 224 534 to.
235 484 278 534 87.
293 482 456 536 Dirnittitur
465 484 620 544 exertum
635 483 925 536 lambientem.

234 691 255 742 t
275 655 407 744 Litteris
418 708 435 742 a
446 694 476 743 C.
488 694 610 745 Caesare
621 692 782 746 masalmas
793 691 926 750 redditis,
941 705 988 740 ae·

182 774 233 826 gre
243 763 278 812 ab
286 761 322 812 iis
333 763 513 828 impetratum
525 773 578 824 est,
592 777 702 814 summa
712 765 888 814 tribunorum
898 760 988 826 piebis

181 834 378 892 contentione,
398 840 430 882 ut
446 835 474 882 in
488 841 590 886 senatu
606 836 806 886 recitarentur:
823 837 861 882 ut
875 845 942 880 reru
953 843 989 878 ex

182 899 287 952 litteris
297 901 333 952 ud
343 909 472 952 senatum
484 903 651 964 referretur,
664 903 810 968 impetrari
820 917 876 951 non
885 899 990 966 putuit.

183 970 318 1022 Referunt
328 971 455 1022 consules
467 973 502 1024 de
514 973 656 1038 republica
666 971 707 1038 [in
720 971 853 1036 ciritm}
873 969 906 1020 ir.
917 968 929 1019 1
934 984 990 1019 ten·

183 1040 260 1090 tuius
271 1040 368 1092 consui
379 1051 474 1092 mnatre
490 1043 582 1107 reique
595 1043 756 1111 publicatae
767 1059 820 1093 aun
830 1039 988 1108 defusum

182 1109 341 1177 pollicetur,
360 1110 385 1161 ti
404 1112 537 1164 audacter
552 1129 586 1165 ac
599 1113 719 1183 sortiter
738 1109 887 1162 tententiae
901 1108 990 1158 dicere

182 1179 282 1232 uelint.-
298 1178 341 1231 tin
357 1178 501 1234 Caesarem
520 1181 669 1248 respiciant
689 1190 772 1248 atque
791 1179 849 1230 ciet
864 1177 989 1247 gratiam

182 1258 344 1316 sequuntur,
355 1259 387 1301 ut
398 1251 584 1317 superioribas
588 1252 710 1324 fecerint
719 1250 892 1317 temporibus,
902 1265 930 1298 se
936 1246 992 1298 tibi

183 1319 324 1371 carradium
338 1329 482 1387 capturum
491 1339 577 1390 neque
592 1333 702 1374 tenatur
716 1318 879 1372 auctoritati
893 1318 990 1368 obtem·

177 1397 343 1458 peraturum
351 1407 361 1446 t
370 1389 469 1442 [tubere
478 1408 507 1443 te
516 1408 619 1461 putaque
629 1393 666 1443 ud
679 1389 805 1442 Cnetarit
812 1388 937 1457 gratiam
948 1395 992 1438 at·

93 1519 98 1526 Δ
181 1476 233 1525 que
248 1459 399 1512 amicitiam
408 1469 554 1529 receptum.
592 1463 619 1512 in
633 1463 757 1513 carrrdeiu
770 1461 937 1510 sententiani
951 1457 992 1507 io·

182 1531 278 1598 quitur
288 1528 392 1596 Scipio:
403 1529 533 1599 Pcrnpet'o
544 1548 598 1584 erte
608 1531 638 1584 ia
647 1531 746 1593 anima,
758 1527 990 1596 reipublicuencn

182 1601 285 1663 deesse,
305 1599 331 1652 ri
340 1609 450 1652 senatur
464 1610 593 1666 aequatur
599 1618 610 1662 ,·
627 1602 668 1654 tin
678 1608 820 1654 coactatur
830 1607 912 1666 atqrte
922 1605 993 1665 agat

182 1669 277 1732 lenius,
287 1669 466 1736 nequidquam
476 1671 533 1723 dut
543 1671 685 1733 auxilium,
696 1672 720 1722 ti
726 1679 823 1739 pastea
834 1668 907 1730 vetit,
916 1683 992 1718 tenn-

183 1747 241 1792 tum
251 1739 468 1804 imploraturum.

235 1807 270 1859 ΙΙ.
289 1809 368 1860 Haec
384 1806 519 1875 Scipionis
537 1812 641 1872 oratio,
662 1810 735 1879 quod
755 1815 870 1861 senatus
881 1809 909 1858 in
921 1807 991 1858 urbe

182 1875 338 1930 habebatur
348 1878 551 1948 Pompeiusque
567 1881 676 1941 aderat,
698 1894 737 1932 cx.
748 1881 835 1948 ipsius
849 1893 898 1930 ore
909 1877 990 1929 Poni-

182 1947 236 2013 peii
249 1947 322 2000 mitti
338 1948 492 2000 videbatur.
529 1951 645 2002 Dixerat
661 1949 762 2018 aliquis
778 1950 911 2000 leniorem
929 1963 991 1998 sen·

183 2017 315 2080 tentiam,
336 2022 367 2068 ut
388 2019 478 2084 primu
494 2019 534 2070 Μ.
546 2020 705 2083 Marcellus,
726 2022 870 2087 ingressus·
881 2016 910 2068 in
927 2031 991 2068 eam

183 2088 355 2150 «nationem,
377 2103 431 2140 non
449 2096 580 2156 oportere
596 2098 661 2142 ante
676 2090 710 2142 de
722 2106 755 2142 ea
767 2089 847 2141 rotati
862 2093 990 2140 senatum

183 2154 296 2220 referri,
311 2173 400 2226 ,quarn
416 2158 533 2211 dilectus
547 2165 609 2212 tota
620 2161 701 2212 ltalia
712 2159 800 2211 habiti
810 2164 840 2210 et
851 2159 991 2210 exercitus

185 2228 333 2297 conscripti
349 2235 455 2291 essent3
475 2245 530 2299 quo
546 2230 685 2296 praesidio
697 2236 759 2281 tuto
770 2236 799 2280 et
811 2229 898 2278 iibere
913 2241 990 2278 sena·

184 2303 244 2361 tus,
265 2313 337 2366 quae
348 2298 442 2361 veliet,
458 2299 607 2353 decernere
618 2300 746 2360 auderet:
766 2305 798 2350 ut
808 2299 846 2348 M.
859 2297 990 2356 Calidius,

184 2367 231 2434 qui
241 2369 387 2432 censebat,
407 2375 440 2420 ut
456 2368 603 2436 Pompeius
617 2372 645 2421 in
658 2384 723 2425 suus
738 2369 892 2435 provincias
907 2363 991 2433 profi·

183 2438 348 2501 ciscerctur,
371 2454 405 2490 ne
421 2454 482 2506 ,qua
502 2445 576 2492 essct
595 2455 736 2492 armorum
758 2452 869 2500 caussa,
890 2437 989 2487 timere

183 2505 344 2570 Caesarem,
365 2509 487 2574 abreptis
504 2510 538 2561 ab
550 2525 583 2561 eo
596 2510 702 2562 duabus
719 2507 884 2576 legionibus,
906 2521 941 2558 ne
953 2504 988 2556 ud

183 2575 242 2626 eius
259 2577 412 2642 periculum
428 2593 573 2632 reservare
590 2583 618 2629 et
634 2581 755 2631 retinere
777 2593 824 2628 eas
839 2577 874 2627 ad
890 2576 987 2638 urbem

182 2642 328 2710 Pompeius
350 2646 503 2698 videretur:
526 2654 557 2699 ut
577 2648 616 2698 Μ.
633 2647 730 2710 Rufus,
752 2648 800 2714 qui
820 2644 986 2698 sententium

182 2711 281 2776 Calidii
292 2717 388 2779 paucis
397 2713 459 2768 fere
471 2718 584 2768 mutatis
596 2717 679 2768 rebus
690 2716 869 2784 sequebatur:
890 2713 918 2766 hi
930 2727 986 2766 om-
