2150 3124
152 157 187 215 ro
315 119 418 233 [nn
438 153 581 210 neuun
606 153 791 208 cronico

153 276 236 330 quum
248 261 341 324 tieret,
360 275 414 311 non
425 258 567 316 irridieule
578 259 688 327 quidem
700 267 733 310 ex
745 257 969 311 militibuotletl-

153 347 214 382 mae
230 331 346 398 legionis
356 330 440 380 dixit:
459 332 537 396 plur,
557 343 637 393 qoam
645 327 782 396 pollicitae
793 337 873 392 emet,
895 323 965 379 Gae-

153 416 241 452 ratem
256 400 282 452 ei
291 400 401 469 facere.-
418 397 583 465 pollicitam,
602 398 668 450 rein
678 395 794 449 cohortis
802 395 965 466 praetoriae

153 468 355 590 locobdecimam
369 467 499 538 legionem
509 466 682 532 latiturum,
692 468 808 521 nanoad
816 482 912 536 equam
922 482 966 518 re·

154 556 208 594 trra
226 555 279 590 ere.

207 609 305 661 XLlll.
341 607 479 659 Planicies
494 613 556 660 erat
572 622 687 675 magne,
708 609 779 659 etin
795 621 829 659 co
837 605 966 658 tumulus

154 686 283 731 terrenus
299 681 367 730 satie
381 678 503 745 grandis.
538 677 593 728 llic
609 677 687 729 locus
702 691 792 746 aequo
803 676 864 729 lere
874 674 966 743 apetie

69 757 79 766 ‘
155 750 190 800 ab
206 749 304 798 castris
319 749 444 816 utrisque
460 749 565 798 aberat.
601 749 657 809 Eo,
677 752 781 802 uteret
791 747 909 808 dictum,
929 744 967 796 ad
995 738 1005 755 “

156 817 324 884 colloquium
334 822 478 868 venerunt.
506 815 658 883 Legionem
669 817 783 878 Caesar,
794 831 876 884 quam
887 816 967 883 equit

157 888 320 950 devexerat,
331 887 455 952 passibus
465 887 590 938 ducentis
600 887 634 938 ab
646 899 679 937 eo
689 884 798 936 tumulo
810 887 966 937 constituit.

154 958 227 1010 ltem
248 960 356 1023 equites
370 957 502 1007 Ariovisti
522 957 582 1022 pari
601 953 748 1008 intervallo
770 957 966 1006 constiterunt.
1058 1013 1059 1018 Ἰ

156 1026 312 1078 Ariovistus
317 1061 325 1088 ,
337 1039 372 1076 ex
387 1027 464 1092 equis
475 1032 506 1076 ut
515 1025 741 1092 colloquerentur
752 1029 792 1085 ot,
802 1029 914 1089 praeter
924 1037 965 1084 re,

157 1095 244 1146 denos
258 1099 289 1144 ut
300 1094 336 1146 ad
345 1094 514 1162 colloquium
525 1094 707 1156 adducerent,
717 1093 876 1160 postularit.
912 1092 965 1144 Ubi

157 1179 191 1217 eo
207 1169 320 1216 ventum
336 1170 390 1227 est,
412 1165 513 1218 Caesar
528 1166 608 1216 initio
623 1164 757 1215 orationis
771 1178 822 1214 sua
841 1168 966 1214 senatus·

157 1249 210 1302 que
221 1235 254 1284 in·
261 1249 324 1285 eurn
335 1235 470 1286 benelieia
480 1235 720 1295 commemorarit,
735 1229 806 1301 qaod
814 1249 864 1285 rex
874 1232 965 1300 adpel-

157 1305 231 1356 latni
247 1312 316 1356 erret
332 1321 348 1355 a
365 1313 475 1367 renota,
491 1304 684 1369 quodamicur,
703 1302 774 1368 qnod
783 1319 895 1354 niunera
911 1317 965 1356 om·

153 1373 279 1440 plirrima
296 1372 391 1425 mim:
421 1389 500 1439 quam
520 1389 576 1424 reia
593 1384 620 1426 et
637 1373 734 1442 paucio
755 1371 912 1439 contigisse,
938 1379 966 1422 et

154 1459 206 1510 pro
227 1443 333 1512 rriagnir
352 1441 486 1496 loiniaam
506 1441 606 1509 officiii
625 1459 762 1496 contuente
783 1442 870 1495 tribui
886 1442 966 1493 doce-

157 1515 218 1565 bat:
240 1511 329 1576 illum,
350 1529 524 1582 quonamque
534 1514 651 1578 aditam,
675 1529 759 1579 nepae
779 1527 901 1564 carratam
919 1526 967 1577 po·

157 1581 383 1638 rtalandiiuctam
394 1582 644 1654 lalaetbeneJirio
655 1600 687 1635 ac
697 1581 864 1635 liberalitate
874 1597 923 1632 aaa
934 1595 966 1632 ar

157 1662 267 1705 mnotm
296 1670 328 1705 ea
354 1653 480 1720 praemia
509 1663 686 1706 conmotam.
721 1653 849 1704 Docebat
872 1652 965 1710 ctiam,

158 1729 367 1791 quantitatem,
387 1737 517 1790 quamque
531 1723 620 1774 initae
635 1738 746 1774 coortae
761 1717 964 1774 necestitadinir

157 1791 223 1859 ipris
234 1806 293 1842 cam
303 1789 403 1842 Aeduir
413 1791 703 1860 intercederent,quae
712 1800 821 1844 tenatur
832 1789 963 1849 conculta,

159 1860 270 1928 quotient,
280 1876 410 1928 prioraque
420 1859 567 1928 lionorifira
576 1859 606 1912 in
615 1877 657 1912 eor
663 1862 747 1931 farta
758 1869 860 1913 errent:
870 1867 902 1910 at
912 1873 963 1908 arn·

158 1931 188 1985 ni
204 1940 322 1997 tempore
338 1929 423 1982 totius
442 1929 549 1982 Galliae
562 1929 747 1998 principatum
763 1929 851 1981 Aedui
865 1926 964 1981 tennio-

159 2009 231 2061 eent,
247 1999 327 2066 prim
343 1999 438 2062 etiam,
458 2014 538 2064 qaam
552 2008 676 2052 noctram
689 1999 840 2053 amicitiam
851 1996 966 2067 adpetii·

160 2077 236 2129 reiit;
252 2068 474 2136 populiltamani
489 2067 557 2124 ianr
570 2085 626 2122 eme
637 2069 869 2132 conauetadinem,
888 2077 920 2120 ut
929 2083 967 2118 aa·

160 2139 215 2192 oior
234 2147 315 2207 atque
335 2139 434 2191 arriicoa
449 2156 503 2193 non
517 2140 593 2192 modo
607 2139 651 2190 iai
664 2139 735 2192 nilril
747 2140 903 2206 deperdere,
923 2137 968 2189 red

158 2207 271 2278 gratia,
291 2208 443 2278 dignitate,
467 2209 565 2263 lionore
581 2209 716 2262 auctiores
730 2209 795 2261 aelit
811 2225 880 2260 erte:
899 2207 968 2274 qaod

160 2295 223 2331 vero
239 2279 276 2331 ad
289 2279 439 2332 amicitiam
452 2280 547 2347 papali
560 2279 679 2332 Ronrani
693 2279 866 2341 adtuliiient,
891 2277 922 2329 id
934 2274 967 2328 iir

162 2347 248 2416 eripi,
269 2349 328 2417 quir
343 2349 406 2416 pati
424 2351 525 2415 poisat?
569 2350 725 2401 Postulavit
745 2347 966 2409 deinde‘eadem,

166 2434 236 2486 quoe
247 2420 347 2486 legatis
358 2421 385 2469 iu
399 2419 534 2470 intendatis
545 2420 674 2481 dederat,
683 2437 716 2472 ne
727 2427 776 2470 aut
786 2417 898 2479 Aeduis,
918 2423 966 2468 aut

166 2504 258 2540 eoram
267 2488 346 2540 acciit
355 2488 450 2540 bellum
459 2487 576 2561 inferret
582 2505 595 2550 ,⁸
611 2488 712 2542 obsideo
723 2489 859 2540 redderet.-
879 2486 965 2538 maul-

166 2558 219 2610 lam
232 2566 340 2624 partem
354 2559 548 2612 Gerniaaoram
558 2560 663 2611 tornum
672 2558 809 2612 remittere
815 2565 919 2626 parret,
936 2561 965 2607 at

167 2644 199 2680 ne
209 2641 273 2692 quor
283 2626 399 2695 ampliat
407 2627 529 2682 Rhenum
541 2630 660 2681 transire
669 2637 819 2696 pateretur.

218 2697 317 2751 xhlv.
352 2698 506 2753 Ariouistus
530 2700 564 2754 ad
583 2700 724 2768 postulate
736 2699 862 2752 Caesarie
881 2706 964 2764 muca
