2168 3134
190 229 239 282 isa
368 230 423 282 llll
451 228 592 282 BELLO
621 228 805 284 arcadico

188 333 288 402 spado,
301 325 369 384 duas
381 333 482 395 lassas,
494 332 546 385 XV
556 332 641 400 pedes
653 333 735 398 latas,
752 335 849 386 eadem
862 335 989 390 altitudi·

187 417 222 454 ne
241 403 385 470 perduxit:
404 418 519 470 quarum
540 403 715 466 interiorem,
737 407 937 471 canipestribus
954 424 989 462 ac

188 471 318 523 demissis
330 473 398 523 locis
405 508 414 535 ,
435 487 507 540 aqua
519 487 553 524 ex
565 471 678 524 flumine
689 473 816 525 derivata
830 475 988 542 compleuit.
1069 479 1070 524 l

186 541 255 594 Post
270 543 320 593 eas
334 557 466 610 aggerem
484 557 516 592 ac
531 542 632 593 vallum
647 541 699 594 Xll
719 543 818 610 pedum
835 546 988 610 enstnrxit3

187 609 251 683 liuic
272 611 387 663 loricam
408 612 563 678 pinnasque
584 611 702 675 adiecit,
723 613 875 680 grandibus
896 617 988 667 cervis

186 681 380 733 eminentibus·
386 681 421 732 ad
433 682 629 734 commissuras
640 680 796 747 pluteorum
810 690 892 750 atque
904 698 989 751 agge·

185 751 235 813 ris,
247 751 294 817 qui
304 751 470 803 adscensum
481 749 602 804 bostium
614 751 771 814 tardarent3
783 758 812 803 et
822 759 914 804 turres
925 760 987 810 toto

185 835 271 886 opere
292 821 488 883 circumdedit,
509 835 579 888 quae
599 819 686 888 pedes
702 821 803 880 dxxx
818 822 987 874 intersedi·
1057 853 1061 860 ·

100 889 105 896 '
185 896 302 942 starent.
353 899 357 905 ’

237 960 362 1012 LXXlll.
385 959 453 1010 Erat
473 958 571 1010 eodem
591 963 717 1026 tempore
734 965 763 1010 et
779 960 936 1024 materiari,
958 967 989 1012 et

183 1025 368 1093 instruentum,
389 1033 418 1080 ct
429 1033 521 1080 tantas
533 1029 702 1079 munitiones
713 1027 777 1081 fieri
792 1044 919 1092 necesse,
939 1029 988 1082 de·

183 1100 299 1152 minutis
315 1098 422 1149 nostris
439 1098 527 1164 copiis
534 1135 542 1162 ,
563 1111 633 1164 quae
645 1097 755 1165 longius
767 1099 801 1150 ab
813 1100 911 1150 castris
923 1114 986 1166 pro·

183 1169 398 1238 gradiebantur:
417 1183 450 1218 ac
467 1183 671 1234 nonnumquam
694 1182 780 1233 opera
799 1174 896 1218 trustra
911 1169 991 1233 (lulli¹

183 1246 295 1292 tentare
307 1245 390 1308 atquc
402 1238 577 1304 eruptionem
590 1251 623 1288 ex
641 1236 742 1304 oppido
758 1238 884 1306 pluribus
896 1240 986 1306 portis

183 1311 329 1362 summani
340 1307 434 1360 iacere
445 1308 626 1359 conabantur.
655 1309 748 1370 Quare
760 1305 875 1359 adhaec
887 1323 985 1358 rursus
1072 1357 1073 1366 ,

184 1395 270 1448 opera
281 1377 436 1431 addendum
449 1377 553 1429 Caesar
563 1377 692 1445 putarits
705 1393 758 1445 quo
769 1379 877 1429 minore
889 1383 995 1428 nume·'
1072 1373 1073 1386 ¹

182 1465 216 1502 ro
242 1451 359 1502 militum
385 1447 555 1500 munitiones
582 1447 697 1499 delendi
719 1454 843 1514 possent.
889 1447 986 1513 ltaque

182 1521 290 1572 truncis
302 1521 432 1572 arborum
444 1523 493 1568 aut
503 1517 651 1569 admodum
662 1516 751 1568 iirmis
763 1518 846 1569 ramis
858 1515 986 1578 abscisis,

182 1596 267 1657 atque
282 1587 381 1640 horum
398 1587 543 1639 delibratis
564 1602 597 1638 ac
616 1589 774 1654 praeacutis
786 1587 985 1648 cacuminibus,

181 1663 336 1726 perpetuae
352 1657 462 1720 fossae,
483 1657 582 1723 quinos
593 1655 679 1722 pedes
691 1657 780 1718 altae,
802 1655 985 1706 ducebantur.
1073 1653 1074 1684 ³

180 1729 245 1780 Huc
256 1727 300 1777 illi
310 1727 422 1792 stipites
435 1724 551 1776 demissi
562 1730 590 1776 et
601 1725 635 1776 ab
647 1724 743 1776 iniimo
756 1725 882 1786 revincti,
894 1739 928 1775 ne
940 1739 985 1774 rc·

181 1796 248 1847 rolli
259 1800 384 1861 possent,
401 1794 435 1844 ab
447 1794 533 1844 ramis
545 1794 713 1844 eminebant.
751 1793 833 1854 eriui
847 1798 927 1843 erant
939 1808 984 1842 or·

181 1863 271 1925 dines,
284 1863 426 1913 coniuncti
436 1863 512 1913 inter
522 1878 553 1913 se
565 1868 647 1929 atque
659 1862 806 1929 implicat13
818 1876 871 1928 quo
882 1861 928 1928 qui
940 1861 983 1910 in·

180 1940 334 1994 trarerant,
346 1947 376 1983 se
387 1932 443 2000 ipsi
453 1930 622 1983 acutissimis
634 1931 713 1982 vallis
724 1931 885 1983 induebant.
921 1930 982 1982 llos

181 2003 277 2071 cippos
288 2001 477 2067 adpellabant.
510 2002 581 2052 Ante
592 1999 653 2063 bos,
665 2001 785 2067 obliquis
796 2001 941 2052 ordinibus
952 1999 983 2052 in

181 2074 362 2140 quincuncem
374 2070 530 2138 dispositis,
541 2071 656 2121 scrobes
668 2069 752 2121 trium
763 2071 792 2122 in
803 2070 983 2122 altitudinem

180 2143 281 2212 pedum
303 2141 494 2204 fodiebantur,
516 2140 659 2208 paullatim
681 2142 843 2208 angustiore
864 2139 901 2191 ad
920 2137 997 2191 inst·¹

180 2229 254 2265 mum
266 2212 390 2280 fastigio.
426 2211 488 2262 lluc
499 2215 605 2262 teretes
616 2211 742 2276 stipites,
758 2209 870 2263 leminis
882 2211 990 2262 crassi-¹

178 2284 288 2346 tudine,
299 2284 334 2334 ab
345 2297 453 2333 summo
461 2277 603 2349 praeacuti
615 2286 643 2330 et
653 2281 788 2348 praeusti,
800 2281 982 2332 demitteban-

179 2360 227 2404 tur
236 2355 287 2415 ita,
305 2359 404 2403 utnon
416 2351 533 2418 amplius
545 2348 642 2418 digitis
653 2356 772 2416 quatuor
783 2366 817 2404 ex
829 2357 905 2402 terra
916 2351 983 2401 emi·

178 2430 295 2486 nerent3
314 2421 412 2485 simul,
435 2420 620 2472 confirmandi
641 2425 670 2471 et
691 2421 852 2472 stabiliendi
874 2435 981 2484 caussa,

180 2492 288 2559 singuli
303 2493 338 2544 ab
355 2493 451 2542 intimo
470 2491 531 2542 solo
550 2489 636 2556 pedes
657 2494 733 2542 terra
754 2491 980 2542 conculcabantur:

180 2561 288 2628 reliqua
299 2576 363 2628 pars
375 2560 483 2612 scrobis
498 2557 534 2612 ad
550 2559 728 2611 occultandas
744 2560 861 2612 insidias
873 2558 981 2612 vimini-

178 2629 231 2680 bus
243 2646 276 2682 ac
286 2631 416 2697 virgultis
429 2630 617 2697 integebatur.
654 2631 745 2682 liuius
761 2630 876 2699 generis
888 2629 982 2684 octoni

178 2698 293 2748 ordines
305 2698 391 2759 ducti,
403 2704 499 2749 ternos
511 2699 586 2749 inter
596 2715 626 2751 se
637 2701 723 2767 podes
736 2699 885 2752 distabant.
904 2700 934 2752 ld
946 2713 981 2752 ox

179 2766 362 2819 similitudine
384 2767 464 2820 ilaris
485 2767 576 2819 lilium
597 2769 782 2837 adpellabant.
822 2773 892 2824 Ante
914 2769 981 2824 baec
