2150 3124
400 99 550 156 LlBER
583 103 624 156 11.
881 103 915 154 47
1009 157 1012 162 ,

105 214 136 262 ta
154 202 278 260 subsidia
296 203 443 267 collocari,
464 220 553 273 neque
574 205 641 274 quid
659 205 689 256 in
709 221 816 274 quaque
836 213 916 273 parte

106 291 176 344 opus
198 280 271 326 esset
287 274 442 341 provideri,
461 289 552 343 neque
571 277 606 326 ab
621 290 676 325 uno
691 278 784 327 oninia
799 277 917 342 imperia

105 345 294 398 administrari
306 347 446 410 poterant.
478 343 575 412 ltaque
586 345 614 394 in
624 349 704 396 tanta
714 359 806 396 rerum
820 345 915 414 iniqni-

104 422 164 468 tate
179 414 310 465 fortunae
325 427 435 482 quoque
451 419 565 465 eventus
576 416 645 465 varii
657 415 854 482 sequebantur.

155 483 257 536 XXlll.
293 483 423 551 Legionis
436 497 524 534 nonae
536 490 565 535 et
575 484 698 536 decimae
709 484 825 547 milites,
845 485 915 537 utin

104 558 219 607 sinistra
234 558 313 620 parte
329 555 388 604 acie
405 554 602 615 constiterant,
623 553 686 621 pilis
697 555 817 617 emissis,
833 569 915 606 cursu

104 641 137 678 ac
161 622 325 674 lassitudine
345 623 518 676 exanimatos
537 621 752 691 vulneribusque
772 623 915 676 conlectos

103 694 251 747 Atrebates
273 693 348 754 (nam
368 690 411 741 bis
431 707 464 742 ea
483 706 548 758 pars
565 692 726 756 obvenerat)
741 693 870 746 celeriter
881 709 915 746 ex

102 765 168 818 loco
186 763 331 828 superiore
351 762 380 810 in
401 759 504 812 ilumen
525 761 732 828 compulerunt,
751 769 781 816 et
794 765 915 814 transire

104 837 237 886 conantes
253 831 371 885 insecuti
386 830 486 898 gladiis
501 845 629 899 magnam
640 837 748 899 partem
760 847 856 885 eorum
867 836 916 884 im·

103 903 226 1026 pediturn
242 898 453 952 interfecerunt.
489 901 546 967 Ipsi
557 905 676 957 transire
687 902 789 956 flumen
799 917 854 955 nun
867 903 915 954 du.

125 976 265 1023 itarerunt
285 974 326 1034 et,
347 972 375 1020 in
396 969 487 1021 lacurn
502 971 627 1039 iniquum
644 970 797 1042 progressi,
818 987 916 1026 rursus

103 1055 248 1110 regressos
271 1055 304 1091 ac
319 1041 482 1092 resistentes
496 1038 590 1092 hostes
607 1042 796 1110 redintegrate
807 1041 916 1109 proelio

103 1114 134 1165 in
145 1111 240 1178 fugem
252 1109 397 1162 dederunt.
433 1110 502 1162 ltern
514 1110 570 1162 alia
579 1111 608 1162 in
618 1118 697 1178 parte
709 1113 834 1164 diversae
844 1112 916 1164 duae

105 1181 245 1250 legiones,
264 1179 412 1232 undecima
429 1183 457 1240 et
467 1184 580 1242 octava,
599 1181 753 1250 profligatis
764 1181 916 1236 Veromau·

106 1251 184 1312 duis,
204 1250 366 1318 quibuscum
383 1253 464 1300 erant
479 1253 633 1318 congressi,
655 1253 690 1303 ex
700 1253 762 1304 loco
773 1253 918 1318 superiore

104 1322 134 1377 in
154 1319 222 1388 ipsis
242 1317 363 1370 lluminis
382 1319 450 1386 ripis
470 1319 688 1385 proeliabantur.
723 1321 759 1374 nt
778 1321 918 1371 tumtotis

104 1387 288 1442 sereaironte
300 1395 329 1439 et
339 1390 372 1440 ab
383 1389 497 1440 sinistra
508 1394 587 1456 parte
597 1390 708 1442 nudatis
720 1391 916 1458 eastris,quum

103 1461 134 1510 lo
148 1459 251 1510 ¹‹lentro
268 1471 355 1509 cornu
366 1458 439 1524 legio
451 1458 613 1510 duodecima
624 1464 652 1512 et
662 1475 716 1511 nen
729 1473 829 1525 magno
841 1461 874 1510 ab
886 1474 919 1510 ca

105 1527 256 1580 intervallo
266 1529 384 1593 septima
393 1529 579 1589 constitisset,
600 1543 696 1580 omnes
708 1528 803 1580 Nervii
814 1527 919 1579 confer·

105 1600 216 1652 tissime
227 1598 350 1666 agmine,
370 1595 439 1648 duce
450 1597 648 1666 Boduognato,
669 1599 714 1666 qui
726 1613 860 1649 summam
872 1600 920 1648 im·

105 1669 179 1736 perii
190 1668 315 1729 tenebat,
336 1665 372 1717 ad
383 1681 444 1720 eum
455 1666 548 1718 locum
560 1668 775 1722 contenderunt:
802 1682 919 1734 quorum

73 1733 80 1743 '
106 1753 174 1808 pars
189 1741 287 1804 aperto
303 1735 392 1788 latere
402 1735 526 1804 legiones
538 1739 751 1804 circumvenire,
770 1752 835 1806 pars
846 1754 918 1791 sum·

55 1833 58 1838 ·
106 1825 134 1862 in
140 1822 185 1858 um
196 1813 350 1858 castrorum
362 1806 453 1874 locurn
464 1812 559 1872 petere
570 1810 670 1877 coepit.

162 1875 264 1928 XXlV.
300 1875 406 1927 Eodem
425 1881 553 1944 tempore
573 1879 680 1946 equites
694 1878 918 1946 nostrilcrisque

106 1950 270 2000 armaturae
289 1945 410 2012 pedites,
431 1945 478 2015 qui
499 1962 561 1998 cum
580 1949 613 2000 iis
632 1965 690 2003 una
704 1948 828 2013 fuerant,
849 1963 918 2016 quos

75 2041 78 2048 ·
105 2018 198 2085 prime
220 2013 340 2066 hostiurn
361 2016 466 2083 impetu
482 2016 577 2082 pulsos
591 2019 728 2083 dixeram,
747 2035 831 2088 quum
849 2019 918 2068 sein

106 2091 202 2140 eastra
220 2086 389 2162 reciperent,
409 2086 533 2137 adversis
549 2081 675 2140 hostibus
691 2089 876 2141 occurrebant
886 2102 918 2140 ae

106 2171 207 2206 rursus
222 2156 306 2206 aliam
321 2155 349 2206 in
366 2161 473 2224 partem
488 2153 582 2223 fugam
593 2159 736 2224 petebant:
759 2154 787 2211 et
796 2157 918 2220 calones,

105 2225 155 2292 qui
172 2225 206 2275 ab
224 2223 376 2278 decumana
390 2230 471 2293 porta
482 2240 514 2276 ac
523 2241 631 2278 surnmo
642 2231 706 2295 iugo
718 2227 797 2290 collis
807 2231 919 2278 nostros

104 2297 228 2347 victores
248 2295 350 2346 lluoicn
371 2295 506 2346 transisse
525 2303 740 2363 conspexerant,
766 2292 917 2362 praedandi

106 2379 209 2418 caussa
220 2365 332 2432 egressi,
340 2380 422 2433 quum
435 2367 622 2434 respexissent
633 2372 662 2417 et
672 2365 767 2418 hostes
775 2367 804 2415 in
816 2365 920 2416 nostris

106 2439 210 2486 castris
224 2435 329 2484 versari
340 2434 488 2498 vidissent,
503 2437 669 2503 praecipites
680 2434 763 2504 fugae
774 2450 835 2487 sese
846 2448 921 2486 nien·

106 2503 222 2555 dabant.
260 2501 348 2554 Simul
359 2519 470 2566 eorum,
485 2507 531 2572 qui
544 2522 605 2558 cum
616 2504 820 2573 impedimentis
831 2505 920 2556 renie-
958 2555 962 2563 ,

105 2573 188 2635 bant,
203 2571 310 2625 clamor
320 2572 501 2643 fremitusque
513 2575 667 2639 oriebatur,
682 2573 785 2643 aliique
796 2575 878 2627 aliam
891 2576 918 2626 io

106 2646 215 2704 partem
227 2645 370 2712 perterriti
381 2642 550 2696 ferebantur.
581 2645 686 2706 Quibus
698 2647 825 2698 cornibus
836 2643 916 2696 rebor
