2150 3124
385 201 534 256 LIBER
566 203 587 258 l.
854 201 888 259 ³1

69 308 101 362 nl
118 305 221 361 Gallia
235 306 366 359 Romanis
380 307 582 372 interdixisset,
602 308 791 378 impetumque
801 310 830 360 iu
841 323 888 362 nc

70 385 152 431 stros
170 378 231 428 eius
245 379 351 445 equites
367 376 498 429 fecissent
510 392 598 446 eaque
612 393 657 431 res
673 379 843 447 colloquium
856 385 890 430 ut

70 449 251 500 diremisset:
278 447 367 498 multo
388 449 478 498 maior
496 447 626 500 alacritas
645 448 822 517 studiumque
841 462 888 518 pu·

69 516 182 586 guandi
192 517 281 567 maius
293 518 417 580 exercitu
428 518 559 568 iniectum
571 523 621 569 est.

127 584 245 638 XLVll.
281 586 372 637 Biduo
383 587 605 653 postdriorietus
615 587 650 638 ad
657 587 804 639 Caesarem
815 585 890 655 legs·

71 662 120 707 tos
136 656 240 717 mittit,
260 655 333 708 velle
348 671 378 706 se
393 657 428 708 de
445 655 486 707 his
502 656 598 720 rebus,
616 671 687 724 quae
701 658 775 709 iuter
786 658 889 725 eosagi

73 726 209 791 coeptae,
229 740 319 793 neque
333 723 474 794 perfectae
488 731 592 789 esseut,
612 741 696 795 agere
707 741 769 779 cum
781 741 826 779 eo:
846 729 890 777 uti

73 802 125 847 aut
135 796 242 845 iterum
253 795 395 863 colloquio
405 795 478 847 diem
487 797 684 860 constituerem
696 802 759 860 aut,
768 798 791 848 si
800 796 830 847 id
841 797 889 847 mi-

75 879 130 915 nus
152 863 253 924 vellet,
273 879 308 916 ex
327 865 385 915 suis
404 864 504 934 legatis
523 865 644 934 aliquem
663 866 743 919 adse
758 866 889 918 mitteret.

76 933 265 1001 Colloquendi
277 935 388 986 Caesari
398 949 497 985 caussa
506 936 565 986 risa
575 939 694 1000 nonest,
709 942 738 988 et
749 949 783 989 eo
794 937 891 1004 magis,

76 1002 153 1072 quod
168 1003 258 1069 pridie
272 1004 332 1055 eius
347 1003 402 1054 diei
414 1003 546 1055 Germani
561 1006 675 1058 retineri
686 1021 740 1058 non
750 1011 890 1074 poterant,

75 1075 145 1141 quin
166 1075 195 1123 iu
215 1078 328 1124 nostros
340 1072 400 1124 tela
415 1075 594 1126 coniicerent.
629 1074 765 1144 Legatum
783 1092 817 1128 ex
832 1077 891 1127 suis

76 1158 141 1194 sese
153 1157 255 1210 magno
265 1158 327 1194 curn
338 1144 463 1208 periculo
472 1143 580 1196 adeum
592 1145 755 1210 missurum,
766 1152 794 1199 et
804 1144 892 1198 homi·

78 1213 162 1263 nibus
179 1210 247 1264 ieris
263 1213 451 1276 obiecturum,
471 1214 655 1266 existimabat.
696 1216 892 1268 Commodissi-

78 1297 158 1334 mum
171 1282 260 1332 visum
276 1288 331 1345 est,
352 1282 382 1332 C.
396 1283 541 1335 Valerium
557 1282 720 1348 Procillum,
742 1287 771 1337 C.
786 1283 892 1337 Valerii

80 1352 186 1402 Caburi
206 1350 307 1415 lilium,
330 1365 439 1402 summa
453 1353 556 1405 virtute
571 1360 600 1406 et
613 1351 784 1408 humanitate
800 1353 894 1406 adole·

79 1425 216 1480 scentem,
227 1421 317 1484 (cuius
327 1425 408 1489 pater
419 1436 436 1472 a
446 1422 475 1472 C.
485 1423 600 1475 Valerio
611 1421 712 1476 Flacco
723 1425 835 1476 ciuitate
847 1424 893 1475 do-

80 1500 161 1545 natus
175 1496 249 1553 erat)
260 1495 289 1543 et
299 1497 413 1557 propter
422 1491 520 1555 iidem,
539 1497 568 1544 et
577 1499 695 1560 propter
705 1492 816 1560 linguae
828 1492 893 1544 Gal·

81 1560 157 1612 licae
171 1562 328 1623 scientiam,
348 1577 402 1628 qua
415 1561 505 1613 multa
514 1565 569 1612 iam
581 1563 733 1614 Ariovistus
743 1563 895 1630 longinqua

84 1630 288 1682 consuetudine
304 1631 449 1694 utebatur,
470 1636 499 1683 et
513 1631 588 1700 quod
602 1633 630 1681 in
641 1647 675 1684 eo
686 1631 816 1698 peccandi
828 1631 896 1683 Ger·

84 1701 177 1751 manis
192 1714 290 1752 caussa
304 1715 359 1750 non
375 1706 462 1763 esset,
482 1700 589 1753 adeum
600 1704 724 1765 mittere,
736 1709 765 1754 et
774 1701 813 1754 M.
825 1701 896 1754 Met-

84 1772 165 1831 tium,
176 1773 222 1836 qui
234 1768 352 1835 hospitio
362 1771 491 1821 Ariovisti
502 1785 569 1822 usus
580 1778 648 1823 erat.
684 1773 737 1823 llis
747 1772 896 1836 mandarit,

86 1850 132 1901 ut,
143 1853 214 1906 quae
225 1839 331 1892 diceret
340 1839 508 1902 Ariovistus,
520 1849 717 1908 cognoscerent
727 1848 756 1895 et
766 1843 842 1894 adse
853 1857 895 1894 re·

88 1908 204 1962 ferrent.
239 1910 316 1972 Ques
336 1923 421 1977 quum
442 1909 516 1975 apud
535 1925 565 1962 se
583 1912 611 1962 in
631 1914 895 1965 castrislriovistus

88 1978 289 2044 conspexisset,
310 1980 435 2031 exercitu
454 1994 506 2030 suo
523 1988 680 2046 praesente,
701 1982 897 2034 conclamavits

88 2046 162 2112 Quid
174 2048 212 2099 ad
219 2063 246 2100 se
256 2047 397 2101 venirent?
416 2046 460 2101 An
470 2050 755 2116 poenitentiarium,
765 2053 895 2105 conantis

87 2118 179 2170 dicero
190 2117 333 2183 prohibuit
343 2120 410 2170 etin
421 2125 532 2171 catenas
542 2122 668 2172 coniecit.

138 2187 263 2242 XLVlll.
300 2188 407 2240 Eodem
423 2189 468 2240 die
483 2194 573 2240 castra
588 2191 726 2258 promovit
740 2195 769 2244 et
783 2190 895 2242 milibus

87 2271 217 2322 passuum
237 2271 287 2311 seu
307 2273 324 2308 a
334 2259 459 2310 Caesaris
474 2261 572 2310 castris
587 2261 639 2312 sub
656 2267 749 2313 monte
761 2259 895 2311 consedit.

86 2325 227 2378 Postridie
233 2329 292 2378 eius
303 2328 357 2379 diei
370 2333 481 2394 praeter
491 2331 716 2382 castracaesar'u
726 2344 791 2380 suas
802 2329 895 2395 copias

23 2441 31 2450 .
86 2395 245 2448 transduxit
259 2402 287 2448 et
302 2398 412 2448 utilibus
428 2399 558 2465 passuum
575 2400 682 2452 duobus
692 2399 769 2450 ultre
779 2413 842 2450 eum
853 2413 894 2449 ca-

86 2471 151 2516 stra·
164 2463 242 2529 iecit,
263 2481 297 2519 eo
318 2467 447 2532 consilio,
468 2470 510 2519 uti
520 2468 664 2520 ‘frumento
675 2472 894 2534 commeatuque,
925 2485 926 2490 ¹

88 2535 134 2601 qui
149 2549 182 2586 ex
193 2533 328 2604 Sequanis
343 2544 371 2589 et
380 2538 482 2590 Aeduis
497 2543 726 2606 supportaretur,
747 2537 894 2589 Caesarem

88 2604 293 2658 intercluderet.
316 2607 359 2659 Ex
369 2622 402 2660 eo
413 2609 458 2660 die
469 2609 527 2660 dies
539 2610 686 2659 continuos
696 2608 818 2675 quinque
830 2607 896 2658 Cae·

89 2687 133 2725 sar
147 2689 196 2741 pro
213 2677 312 2727 castris
326 2691 390 2730 suas
407 2679 501 2744 copias
515 2678 647 2744 produxit
658 2683 686 2729 et
695 2678 781 2729 eciem
793 2678 895 2728 instro·

90 2748 160 2796 maur
174 2742 284 2810 habult,
304 2753 348 2810 ut,
368 2749 391 2799 si
408 2747 656 2802 selletAriovistus
667 2747 895 2814 proelioconten·
