2152 3132
185 137 234 194 ιιι
369 137 423 191 on
441 131 792 192 submersisse
1055 118 1056 202 l

181 244 325 309 diripiunt.
354 241 497 296 celeriter
513 241 547 292 ad
563 256 659 295 omnes
675 240 785 291 Galliae
801 241 928 292 ιίιίιιιιι
945 243 986 293 la

181 329 227 364 ma
237 311 388 379 perfertur:
404 311 477 374 nam,
489 312 534 362 ubi
545 312 634 362 maior
644 316 727 378 atque
737 309 874 361 illustrior
882 311 987 362 incidit
1056 296 1057 352 l

181 399 236 444 res,
248 382 369 432 clamore
379 397 429 450 per
439 396 523 449 agros
534 379 897 463 regionesquesigrnificant3
910 379 984 431 bunc

182 452 230 502 alii
241 451 370 515 deinceps
385 453 526 518 excipiunt
537 456 566 501 et
576 451 707 517 proximis
724 448 851 513 tradunt,
880 456 913 501 ut
923 457 984 502 tum
1057 476 1058 520 l

181 521 290 572 accidit.
326 520 412 585 Nam,
431 536 502 589 quae
518 520 627 571 Genabi
646 521 754 571 oriente
771 518 830 570 sole
845 526 926 586 gesta
941 535 984 571 es-

182 597 260 653 sent,
284 599 349 642 ante
362 594 479 658 primam
488 589 642 642 conlectam
654 589 818 656 vigiliam-in
825 590 925 640 linibus
936 591 984 639 ιιι·-

181 675 329 711 vernorum
341 662 438 712 andita
446 665 528 723 sunt3
550 659 625 726 quod
634 661 754 726 spatium
764 663 806 708 est
815 659 921 710 milium
933 662 986 709 eir·

183 729 345 782 citerelix.
405 749 408 756 ²

236 800 284 851 ιιι
305 796 989 866 Similirationeibillercingetorix,Celtilliiilius.

181 871 334 929 Arvernus,
348 875 476 918 summae
506 869 629 917 otentrae
640 861 847 928 adolescens,
837 869 928 927 curus
939 883 983 933 pa

184 947 228 989 ter
238 939 420 1005 principatum
433 883 542 987 Galliae
552 937 640 986 totius
652 936 821 998 obtinuerat,
838 943 867 986 et
877 937 911 987 ob
923 952 982 986 enm

183 1021 323 1068 caussam,
352 1005 425 1072 quod
436 1019 550 1084 regnum
562 1004 724 1069 adpetebat,
754 1005 788 1056 ab
800 1007 912 1056 onitate
924 1013 984 1055 erat

181 1078 257 1125 inter·
259 1074 359 1135 lectus)
370 1075 532 1124 ιιιιιιιιοιιιιι
542 1076 599 1123 suis
610 1073 770 1135 clientibus,
799 1074 900 1124 facile
893 1091 984 1126 incen-

183 1145 233 1194 dit.
271 1147 386 1210 Cognito
399 1143 593 1205 eiuscomilio,
613 1142 647 1192 ad
659 1157 736 1192 arma
745 1145 933 1194 concurritur.
949 1145 983 1194 ab

183 1214 381 1272 Gobanitione,
409 1219 508 1278 patruo
523 1227 588 1273 suo,
616 1213 785 1279 reliquisque
802 1214 984 1278 principibus,

182 1285 228 1350 qui
240 1281 311 1333 hanc
320 1283 482 1334 tentandam
494 1281 633 1332 fortunam
646 1297 701 1331 non
711 1283 918 1346 existimabant,
939 1298 983 1334 ex·

182 1353 296 1420 pellitur
312 1367 346 1404 ex
361 1352 462 1418 oppido
474 1351 624 1418 Gergovia:
652 1366 707 1401 noo
719 1351 829 1402 destitit
840 1357 931 1403 tamen
944 1360 983 1403 at·

184 1437 237 1490 que
250 1424 277 1472 in
288 1424 362 1488 agris
373 1420 458 1472 babet
468 1421 599 1472 dilectum
612 1422 752 1488 egentium
763 1422 982 1488 acperditorum.

183 1493 245 1542 llac
255 1483 351 1542 coacta
362 1507 460 1553 nranu,
479 1504 666 1609 quoscumque
681 1490 740 1540 adit
756 1505 790 1541 ex
801 1492 927 1555 civitate,
947 1492 983 1542 ad

182 1577 260 1612 suam
272 1563 437 1612 sententiam
449 1559 588 1626 perducit:
637 1564 761 1622 ortatur,
789 1566 820 1611 ut
830 1563 983 1612 communie

181 1629 321 1680 libertatis
342 1645 438 1680 caussa
453 1644 531 1680 arma
546 1631 669 1695 capiant:
694 1631 858 1696 magnisque
877 1629 982 1684 comto

139 1710 142 1718 ’
184 1701 282 1764 mrpiis,
310 1698 574 1760 adversanossuos,
603 1699 728 1766 aquibus
739 1699 832 1766 paullo
844 1706 908 1750 ante
920 1707 983 1750 erat

183 1769 298 1830 eiectus,
317 1766 431 1832 expellit
441 1783 476 1818 ex
486 1770 605 1818 civitate.
628 1768 688 1818 ltex
698 1768 732 1819 ab
743 1769 799 1818 suis
810 1768 981 1835 adpellatur3

182 1837 298 1888 dimittit
308 1851 514 1902 quoquoversus
525 1836 691 1902 legationem
720 1838 889 1899 obtestatur,
912 1841 981 1888 utin

182 1904 237 1956 lide
248 1911 386 1955 maneant.
424 1905 621 1956 Celeritersibi
633 1904 772 1969 Senones,
791 1905 922 1970 Parisios
938 1906 982 1958 Pi·

183 1981 290 2036 ctones,
308 1974 463 2035 Cadurcos,
481 1974 624 2037 'lurones,
644 1974 789 2036 Aulercos,
808 1976 981 2039 Lemovices,

182 2043 273 2095 Andes
285 2043 461 2125 reliquosque
477 2058 588 2106 omnes,
616 2046 661 2110 qui
673 2046 813 2096 Oceanum
826 2047 982 2114 adtingunt,

148 2139 151 2146 ·
184 2113 323 2181 adiungit:
351 2114 473 2176 omnium
488 2121 623 2164 consensu
637 2113 744 2165 adeum
760 2115 905 2166 defertur
897 2130 982 2182 impe

182 2184 264 2234 rium
292 2183 353 2244 ilua
363 2181 458 2233 oblata
469 2188 618 2248 potestate,
633 2185 759 2234 omnibus
770 2181 811 2234 his
822 2185 981 2236 civitatibus

184 2247 293 2304 obsides
304 2254 434 2318 imperat,
453 2257 557 2302 certum
569 2268 713 2303 numerum
724 2253 841 2304 militum
853 2254 929 2305 adse
940 2265 981 2305 ce-·

183 2321 282 2373 leriter
292 2321 390 2373 adduci
401 2322 498 2384 iubet,
512 2336 651 2372 armorum
662 2327 795 2390 quantum
808 2337 935 2391 quaeque
946 2325 983 2374 ci·

182 2392 254 2441 vitas
258 2391 348 2474 donli,
363 2384 503 2472 quodque
503 2397 567 2442 ente
576 2397 685 2458 tempus
697 2392 806 2454 efficiat,
822 2395 980 2443 constituit.

181 2461 209 2510 in
222 2457 319 2525 primis
329 2460 465 2542 equitatui
475 2459 578 2512 studet.
597 2459 724 2512 Summae
735 2460 899 2529 diligentiae
909 2475 982 2512 sum

134 2567 143 2574 .,
166 2545 255 2584 ,mem
265 2545 376 2598 imperis
368 2529 563 2582 severitatem
573 2529 662 2580 addit
674 2531 866 2598 magnitudine
877 2531 980 2597 suppli·

182 2597 217 2650 til
227 2598 388 2653 dubitantes
398 2599 485 2665 cogit:
502 2613 577 2660 nem,
590 2601 698 2652 maiore
709 2601 854 2656 commisso
866 2600 979 2662 delicto,

182 2667 238 2733 igni
248 2672 333 2734 etque
344 2666 471 2721 omnibus
481 2665 626 2722 tormentis
635 2674 730 2723 neem
741 2669 845 2726 leviore
855 2668 978 2729 decens
