2152 3144
378 223 528 286 hiesu
562 225 617 278 lll.
685 233 687 238 '
848 223 898 277 351

114 327 173 380 eius
183 341 235 396 per
244 325 412 379 Candaviam
423 329 478 382 iter
491 331 520 380 in
530 327 722 380 Macedoniam
735 323 896 392 expeditum

94 345 225 450 nubebat.
260 397 384 449 Accessit
399 399 481 449 etiam
494 413 528 452 ex
542 399 691 464 improviso
707 395 785 448 eliud
795 398 899 448 incon·

95 465 219 530 modum,
240 466 315 534 quod
325 465 480 531 Domitius,
502 469 547 536 qui
559 467 619 520 dies
630 466 787 534 complures
798 467 897 517 castris

96 535 233 604 Scipionis
244 542 335 592 castra
346 537 450 589 collata
465 536 620 600 habuisset,
640 538 681 588 rei
692 536 896 588 frumentariae

96 620 198 658 caussa
207 605 241 657 ab
252 620 285 658 eo
296 605 463 668 discesserat
474 612 503 658 et
513 606 687 670 Heracleam,
698 621 769 676 quae
781 609 824 656 est
833 605 897 656 sub·

94 676 170 728 lecta
181 674 350 740 Candaviae,
369 677 425 729 iter
439 676 559 741 fecerat,
579 681 611 728 ut
621 678 683 743 ipsa
694 675 808 727 fortuna
817 674 898 728 illum

97 745 220 800 obiicere
241 744 373 812 Pompeio
393 745 544 798 rideretur.
589 745 722 798 llaeuad
741 744 770 796 id
788 750 899 811 tempus

97 815 202 866 Caesar
219 814 377 882 ignorabat.
413 813 513 884 Simul,
534 832 552 868 a
573 814 706 883 Pompeio
725 813 829 866 litteris
849 826 900 881 per

96 899 194 936 omnes
205 885 360 950 provincius
371 885 553 954 civitatesque
564 884 685 938 dimissis
696 883 731 937 de
761 883 851 936 roelio
862 881 899 938 ad

94 950 303 1020 Dyrrhachium
315 953 397 1018 iacto,
417 955 501 1006 latius
512 954 689 1024 inflatiusque
697 900 795 1019 mufto,
816 969 899 1022 quam

94 1037 142 1076 res
164 1027 226 1076 erat
245 1030 338 1092 gesta,
357 1025 432 1077 sama
450 1026 659 1092 percrebuerat,
673 1025 780 1092 pulsum
794 1023 899 1096 firges·

98 1089 252 1156 Caesarem,
260 1109 349 1160 paene
359 1093 479 1148 cornibus
485 1094 570 1164 copiis
579 1093 699 1148 ornnes.-
717 1093 786 1147 haec
796 1095 899 1148 itinere

95 1161 199 1216 infesta
209 1162 382 1228 reddiderat,
400 1163 470 1216 haec
485 1167 609 1218 civitates
624 1164 770 1216 nonnullas
785 1164 820 1216 ab
836 1165 898 1215 eius

96 1233 221 1287 amicitia
235 1239 383 1286 everterat.
419 1235 526 1296 Quibus
542 1234 644 1287 accidit
659 1234 750 1296 rebus,
771 1239 804 1285 ut
812 1233 899 1300 pluri·

96 1301 148 1355 bus
159 1301 264 1353 dimissi
277 1303 434 1366 itineribus,
444 1317 461 1354 a
471 1303 591 1356 Caesare
602 1303 637 1356 ad
648 1301 812 1364 Domitium,
823 1306 851 1354 et
862 1302 897 1354 ab

95 1369 222 1425 Domitio
240 1372 277 1423 ud
288 1373 443 1435 Caesarem,
464 1374 542 1426 nulla
563 1374 671 1424 ratione
685 1375 740 1424 iter
760 1370 898 1435 conficere

95 1446 219 1564 possent.
255 1439 310 1494 Sed
320 1441 500 1511 Allobroges,
519 1441 632 1495 Roseilli
647 1447 730 1510 atque
739 1441 807 1508 Aegi
819 1440 898 1492 iami-

108 1513 193 1575 'ares,
214 1525 283 1580 quos
298 1511 454 1581 perfugisse
469 1511 503 1564 ad
518 1511 680 1577 Pompeium
697 1511 897 1564 demonstrari·

95 1597 166 1644 nius,
177 1583 327 1648 conspicati
339 1583 366 1634 in
377 1584 479 1634 itinere
490 1581 686 1648 exploratores
696 1579 829 1644 Domitii,
847 1595 898 1632 seu

96 1652 214 1720 pristina
223 1665 275 1702 sua
285 1652 500 1714 consuetudine,
518 1650 590 1719 quod
607 1665 664 1701 una
674 1652 703 1700 in
718 1649 812 1704 Gallia
821 1649 898 1702 bella

94 1727 247 1792 gesserant,
258 1737 309 1774 seu
320 1723 413 1844 {loric
423 1723 497 1785 elati,
507 1725 615 1783 cuncta,
625 1725 657 1772 ut
667 1725 748 1774 erant
758 1725 828 1784 ueta,
849 1734 897 1773 ex·

94 1795 300 1858 posuerunt'et
341 1793 445 1845 cesaris
470 1790 671 1858 profectionem
698 1795 726 1842 et
746 1789 896 1844 adventum

94 1859 221 1930 Pompeii
237 1860 400 1915 docuerunt.
435 1864 458 1916 Δ
474 1863 573 1930 quibus
584 1859 725 1912 Domitius
742 1859 847 1912 certior
857 1859 898 1911 fa·

95 1937 165 1995 ctus,
183 1934 228 1983 rix
238 1937 358 2000 quatuor
367 1932 499 1985 horarum
510 1931 603 1998 spatio
614 1929 793 1994 antecedens,
811 1927 897 1982 hosti·

94 2013 141 2053 um
150 2001 285 2054 beneficio
294 2004 449 2068 periculum
458 2003 559 2054 vitavit
568 2008 597 2054 et
607 2001 643 2053 ad
653 2001 810 2068 Aeginium,
821 1995 896 2068 quod

95 2075 139 2122 est
151 2071 290 2136 obiectum
306 2073 520 2143 oppositumque
535 2069 710 2136 Thessaliae,
730 2070 897 2122 Caesarine·

27 2171 29 2178 =
94 2139 184 2192 aienti
194 2142 324 2194 occurrit.

146 2207 259 2264 Lxxx.
295 2211 450 2263 Coniuncto
471 2210 607 2273 exercitu,
631 2209 736 2262 Caesar
755 2204 897 2275 Gomphos

94 2279 238 2346 pervenit,
258 2278 332 2348 qnod
343 2284 387 2331 est
403 2279 534 2346 oppidum
549 2282 668 2347 primum
679 2276 843 2330 Thessaliae
852 2293 897 2330 ve·

95 2347 237 2400 nientibus
249 2350 283 2401 ab
294 2349 390 2416 Epiro,
411 2364 483 2418 quae
493 2364 563 2418 gens
574 2349 667 2416 paucis
678 2355 743 2400 ante
754 2347 896 2399 mensibus

33 2415 38 2425 '
94 2417 171 2469 ultro
183 2416 218 2468 ad
232 2417 380 2472 Caesarem
390 2419 498 2488 legatos
512 2420 640 2481 miserat,
658 2424 691 2470 ut
700 2419 758 2468 suis
769 2417 896 2470 omnibus

94 2485 277 2542 facultatibus
287 2495 430 2554 uteretur,
450 2488 676 2558 praesidiumque
686 2489 720 2540 ab
732 2503 766 2540 eo
776 2488 896 2558 militurn

95 2557 221 2625 petierat
259 2555 314 2612 Sed
324 2574 358 2612 eo
369 2558 443 2612 fama
458 2561 514 2612 iam
529 2563 739 2628 praecurrerat,
761 2571 897 2626 qnamsu·
983 2614 985 2619 ,

30 2627 34 2634 ’
96 2641 146 2702 pra
156 2627 311 2700 docuimus,
330 2628 699 2702 deproeliollyrrhaehino,
718 2625 897 2698 quodmultis

95 2703 213 2770 auxerat
240 2700 373 2767 partibus.
418 2701 516 2770 ltaque
543 2698 764 2762 Androsthenes,
784 2703 898 2766 praetor

95 2765 267 2836 Thessaliae,
279 2785 361 2841 quum
373 2786 404 2825 se
416 2773 548 2838 victoriae
559 2770 683 2841 Pompeii
695 2772 897 2824 comiteur'csse

870 3006 914 3108 ,Α
