2180 3140
192 157 246 213 aio
401 155 456 210 DE
476 155 616 208 Bauio
636 155 775 210 ClVlLl

243 261 371 315 XXXVI.
390 259 508 313 Postero
524 260 569 312 die
586 261 670 314 Curio
691 262 798 314 Uticam
815 259 946 312 obsidere
963 266 993 312 et

191 332 265 385 vallo
276 332 489 383 circummunire
500 331 631 382 instituit.
669 333 736 384 Erat
747 333 776 382 in
788 329 890 396 oppido
902 329 994 381 multi-

191 403 259 454 tudo
271 401 392 452 insolens
403 400 482 462 belli,
500 400 687 454 diuturnitate
700 401 763 452 otii:
782 401 930 452 Uticenses
941 414 993 467 pro

192 471 355 541 quibusdam
369 470 495 524 Caesaris
509 471 537 520 in
555 486 585 522 se
600 469 745 524 benefieiis
761 471 801 521 illi
816 469 993 521 amicissimi:

191 541 389 603 conventuris,
407 541 502 605 quiex
511 541 596 593 variis
608 541 757 608 generibus
768 544 925 592 constaret:
938 545 993 590 ter·

191 627 240 662 ror
251 610 488 676 exsuperioribus
499 611 615 677 proeliis
625 625 752 678 magnus.
787 611 884 676 ltaque
896 605 931 660 de
948 607 995 660 de·

191 681 298 732 ditione
314 695 411 735 omnes
432 679 523 746 palam
544 681 733 748 loquebantur
749 685 778 730 et
793 694 855 731 eum
872 677 902 728 P.
917 678 994 728 Attio

93 746 96 757 “
191 752 322 819 agebant,
340 764 375 800 ne
386 765 437 800 sua
446 751 603 816 pertinacia
614 752 737 802 omnium
749 748 876 800 fortunas
887 751 996 813 pertur-

192 822 253 873 bari
264 819 359 870 vellet.
396 819 476 871 llaec
486 835 570 888 quum
581 824 743 888 agerentur,
756 819 851 871 nuneii
861 816 995 883 praemis-

192 891 218 942 si
228 890 263 942 ab
274 903 342 956 rege
354 889 422 940 luba
434 903 583 953 venerunt,
608 890 653 958 qui
664 889 744 940 illum
756 904 817 940 eum
830 888 939 955 rnagnis
951 901 995 938 eo-

193 960 247 1026 piis
259 957 359 1009 adesse
371 957 496 1010 dicerent
507 959 576 1012 etde
588 959 716 1010 custodia
725 973 758 1009 ae
769 957 935 1010 defensione
948 969 993 1006 ur-

192 1029 236 1081 bis
247 1028 442 1080 hortarentur:
454 1043 525 1095 quae
538 1043 584 1081 res
596 1043 693 1081 eorum
705 1026 874 1096 perterritos
885 1027 994 1078 animos

193 1095 380 1149 confirmarit.

166 1221 167 1224 ,
246 1166 386 1219 xxxvii.
405 1166 616 1220 Nuntiabantur
625 1168 695 1220 haec
706 1166 805 1220 eadem
815 1164 995 1226 Curioni‚sed

193 1237 364 1306 aliquamdiu
375 1235 446 1289 srdes
461 1239 522 1289 lieri
539 1254 595 1291 non
608 1244 733 1305 poterat:
754 1242 860 1288 tantam
873 1234 996 1288 habebat

193 1323 306 1360 suarum
318 1323 410 1358 rerum
427 1305 570 1360 fiduciam:
589 1309 699 1376 iamque
716 1307 844 1361 Caesaris
854 1307 884 1356 in
895 1306 995 1371 llispa-

193 1379 240 1428 nia
251 1393 295 1428 res
307 1377 447 1428 secundae
458 1377 615 1430 inrllrieam
626 1377 736 1429 nunciis
747 1392 779 1428 ae
789 1376 892 1428 litteris
903 1372 995 1442 perfe-

193 1449 338 1500 rebantor.
373 1447 481 1509 Quibus
502 1450 630 1502 omnibus
651 1448 737 1500 rebus
758 1447 896 1508 sublatus,
925 1441 997 1494 nihil

116 1520 118 1524 ’
194 1525 292 1569 eontra
303 1533 334 1568 se
346 1533 441 1585 regem
453 1519 578 1578 nisurum
589 1517 777 1570 existimabat.
814 1515 868 1568 Sed
880 1515 926 1567 ubi
937 1528 995 1566 eer-

194 1590 230 1639 tis
252 1588 410 1639 auctoribus
431 1588 576 1655 comperit,
595 1587 688 1640 minus
703 1588 824 1654 quinque
845 1591 874 1636 et
893 1583 996 1652 viginti

193 1657 307 1710 milibus
323 1657 406 1724 longe
422 1659 457 1710 ab
474 1658 555 1708 Utica
570 1657 630 1708 eius
646 1656 740 1722 eopias
756 1657 868 1717 abesse,
887 1653 995 1706 relictis

193 1727 403 1788 munitionibus,
421 1741 484 1778 sese
513 1728 541 1776 in
560 1732 654 1777 eastra
682 1725 851 1778 Corneliana
879 1723 996 1790 reeepit.

193 1795 258 1846 llue
269 1795 440 1846 frumentum
457 1800 642 1861 comportare,
660 1800 754 1846 eastra
769 1796 887 1855 munire,
907 1800 995 1843 nnete-

192 1865 264 1916 riam
276 1864 405 1916 conferre
417 1865 509 1931 eoepit
518 1867 669 1932 statimque
680 1865 709 1912 in
721 1861 843 1914 Siciliam
856 1861 941 1922 misit,
952 1864 996 1911 uti

191 1934 264 1986 duae
276 1933 402 2000 legiones
415 1934 593 2000 reliquusque
605 1932 747 2000 equitatus
759 1931 795 1982 ad
805 1946 836 1982 se
847 1931 995 1982 mitteren-

191 2010 248 2055 tur.
287 2002 384 2053 Castra
400 2008 482 2054 erant
498 2002 533 2053 ad
544 2002 649 2054 bellurn
666 2001 821 2054 ducendum
839 2000 995 2068 aptissime,
1073 2035 1079 2050 r

191 2080 294 2126 natura
309 2072 362 2122 loci
379 2079 408 2123 st
423 2072 579 2124 munitione
594 2079 624 2126 et
639 2071 725 2124 maris
740 2071 948 2139 propinquitate
965 2076 996 2124 et

191 2159 281 2212 aquae
293 2148 322 2194 et
332 2141 398 2192 salis
410 2142 505 2208 eopia,
523 2144 602 2194 euius
618 2157 720 2209 magna
733 2142 776 2192 vis
788 2142 844 2192 iam
856 2155 890 2191 ex
902 2138 995 2206 proxi-

191 2215 245 2266 mis
256 2219 318 2264 erat
329 2211 427 2264 salinis
439 2227 473 2262 eo
485 2218 630 2279 congesta.
666 2210 726 2263 Non
740 2211 860 2264 nisteria
871 2211 994 2275 multitu·

191 2283 258 2335 dine
269 2283 416 2345 arborum,
433 2295 490 2334 non
501 2281 688 2344 frumentum,
706 2282 786 2334 euius
798 2286 879 2332 erant
890 2279 995 2346 plenis-

190 2353 256 2420 simi
267 2353 337 2418 agri,
348 2352 469 2404 deiicere
479 2357 601 2419 poteret.
636 2351 733 2420 ltaque
746 2351 868 2403 omnium
880 2361 995 2400 suorum

190 2436 329 2474 consensu
341 2422 424 2473 Curio
436 2423 558 2490 reliquas
568 2421 663 2488 copias
674 2427 837 2488 exspectare
849 2426 878 2472 et
888 2418 993 2471 bellum

190 2490 291 2544 ducere
303 2491 429 2557 parabat.
922 2525 927 2533 ι

241 2559 394 2613 xxxvlll.
414 2561 467 2612 llis
479 2561 728 2613 constitutionibus
739 2560 992 2627 probatisqueron·

187 2628 268 2691 siliis,
288 2643 322 2681 ex
343 2627 468 2696 perfugis
490 2629 655 2697 quibusdam
677 2630 824 2698 oppidanis
847 2628 990 2690 aisdit,lu·

187 2696 262 2763 baur,
279 2703 442 2752 revocatum
450 2699 571 2754 finitimo
582 2699 658 2754 bello
669 2707 699 2756 et
707 2699 905 2756 controuersiis
916 2697 990 2766 Lep·
