2180 3140
200 174 258 230 270'
411 173 469 226 DE
486 172 631 228 bobbo
647 171 785 227 Cl‘Vlhl

200 285 309 350 pturos.
335 273 469 345 Princeps
480 279 511 328 in
521 276 685 330 baecrerba
695 278 771 330 iurat
780 278 853 344 ipset
864 272 940 331 illem
951 279 1012 330 ius-

201 351 349 402 iurandum
361 348 450 415 adigit
459 345 617 410 Afranium
629 348 949 416 subsequuntur-tribuni
957 349 1012 400 mi·

134 428 140 433 '
200 420 282 473 litum
293 420 543 484 centurionesque3
565 418 745 470 centuriatim
760 419 888 486 producti
899 419 1012 470 milites
1076 435 1077 440 ¹

200 490 276 542 idem
287 490 392 540 iurant.
420 487 550 548 lidicunt,
568 501 654 553 penes
665 503 747 553 quem
758 491 874 555 quisque
884 487 923 538 sit
934 489 1009 539 Cae·

201 561 274 612 seris
285 558 377 620 miles,
388 562 420 616 ut
430 556 610 624 producatur:
621 557 771 623 productos
782 553 873 624 palam
884 559 1009 626 inprae-

201 629 276 682 turio
288 626 469 679 interficiunt.
491 625 547 677 Sed
557 625 707 695 plerosque
717 625 755 689 bi,
770 626 818 693 qui
828 633 1008 694 receperant,

201 699 295 750 celant
308 703 453 763 noctuque·
467 711 519 764 per
538 695 643 746 vallum
663 699 805 749 emittunt.
843 695 892 748 Sic
910 700 1009 748 terror

201 769 315 820 oblatus
327 783 344 818 a
355 767 487 830 ducibus,
508 764 659 816 crudelitas
669 767 698 818 in
709 765 857 832 supplicio,
877 781 950 818 novo
960 777 1007 818 re·

200 837 271 904 ligio
282 835 472 902 iurisiurandi,
492 849 572 901 spem
582 837 740 900 praesentis
750 835 900 886 deditionis
911 841 1006 887 su'stu·
1070 899 1072 901 ,

201 907 257 970 lit,
278 912 443 971 mentesque
459 904 580 956 militum
595 905 738 957 convertit
752 910 782 957 et
798 920 857 960 rem
868 905 905 958 ael
913 907 1012 975 prieti·

201 981 264 1026 nam
274 973 491 1037 bellirrefionem
502 973 622 1042 redegit
665 1034 666 1038 Ἰ
743 979 775 1034 ,⁸

254 1043 391 1104 cxxvii
410 1044 526 1107 Caesar,
553 1045 603 1110 qui
617 1043 963 1096 militeslarlversuriorum
976 1045 1005 1096 io

202 1120 295 1164 eastra
309 1128 361 1181 per
377 1118 487 1180 tempus
499 1112 631 1180 colloquii
642 1119 792 1182 venerant,
823 1129 932 1166 summa
942 1115 1005 1165 dili·

200 1184 300 1250 gentia
310 1183 436 1250 conquiri
447 1189 477 1235 et
487 1183 595 1236 remitti
604 1184 696 1235 iubete
721 1184 769 1234 sed
783 1198 816 1234 ex
829 1199 944 1236 nurnero
954 1186 1006 1235 tri·

202 1254 338 1305 bonorum
354 1252 472 1306 militum
488 1255 742 1320 centurionumque
755 1253 883 1306 nonnulli
897 1269 948 1305 sua
957 1263 1004 1304 vo-

202 1322 311 1374 luntate
322 1323 395 1390 apud
407 1338 468 1374 eum
480 1328 687 1386 remanserunt,
700 1338 769 1390 quos
781 1322 834 1374 ille
842 1327 940 1390 postea
949 1339 1002 1374 ma

201 1407 257 1460 gno
267 1395 296 1442 in
307 1391 414 1446 bonore
425 1391 536 1444 habuit:
565 1393 746 1444 centuriones
762 1394 792 1442 in
802 1394 950 1462 ampliores
961 1408 1003 1444 or-

203 1463 282 1515 dines
289 1499 298 1527 ,
322 1469 351 1515 et
360 1464 488 1515 tribunos
499 1464 527 1514 in
538 1463 716 1514 tribunitium
726 1464 850 1514 restituit
860 1461 1004 1515 honorem.

254 1532 406 1586 LXXVlll.
426 1533 630 1584 Premebantur
648 1531 794 1585 Afraniani
814 1531 1004 1598 pabulatione,

203 1603 377 1668 aquabantur·
388 1617 486 1670 aegre,
510 1601 645 1658 frumenti
655 1603 761 1668 copiam
774 1600 925 1670 legionarii
937 1616 1003 1654 non·
1076 1667 1077 1670 Ἴ

203 1672 307 1724 nullam
319 1671 473 1734 habebant3
504 1671 576 1740 quod
587 1671 696 1723 dierum
707 1671 786 1724 XXll
800 1673 835 1723 ab
846 1672 938 1724 llerda
948 1672 1004 1724 iru-
1076 1683 1077 1722 i

132 1792 138 1802 ,
203 1748 328 1794 mentum
349 1741 417 1792 iussi
437 1747 520 1792 orarit
540 1740 655 1804 efferre,
683 1741 782 1793 cetrati
798 1743 1002 1812 auxiliaresque
1076 1739 1077 1746 ’

202 1811 321 1874 nullam,
342 1825 458 1877 quorum
480 1816 562 1862 erant
583 1817 612 1862 et
633 1809 782 1863 facultates
795 1810 831 1862 ad
850 1813 1001 1880 parandum

202 1881 330 1946 exiguae,
341 1881 380 1931 'et
390 1895 508 1945 corpora
518 1881 630 1932 insueta
639 1881 675 1933 ad
685 1895 772 1932 onera
782 1882 931 1949 portanda:
951 1882 1000 1933 ita·

202 1964 255 2016 que
266 1964 385 2018 maguus
401 1964 497 2001 eorum
513 1950 640 2018 quotidie
656 1965 788 2002 numerus
803 1951 838 2003 ad
855 1952 999 2003 Caesarem

202 2019 389 2087 perfugiebat.
425 2016 730 2088 lnbiseratangustiis
744 2035 803 2084 res3
832 2021 998 2088 serlexpro·
1076 2023 1077 2030 ’

201 2090 298 2157 positis
310 2088 554 2146 consiliisrluobus
569 2090 729 2158 explicitius
745 2089 906 2155 videbatur,
920 2107 923 2112 ·
936 2091 998 2142 ller-

202 2160 264 2212 dam
279 2159 398 2222 reverti,
426 2158 499 2226 quod
516 2160 554 2212 ibi
570 2159 724 2227 paullulum
741 2159 875 2212 frumenti
886 2160 998 2228 relique·

201 2236 280 2282 root:
309 2230 349 2281 ibi
365 2245 395 2282 se
406 2229 544 2296 reliquum
561 2230 708 2281 consilium
719 2229 908 2296 explicaturos
919 2229 999 2282 conti·

201 2300 314 2354 debant.
350 2300 477 2352 'Parraco
488 2301 585 2352 aberat
595 2300 722 2368 lorigius:
744 2307 799 2366 quo
809 2303 900 2368 spatio
910 2299 999 2368 plures

200 2385 260 2422 rem
271 2385 354 2437 posse
365 2385 446 2421 cesus
458 2370 584 2437 recipere
594 2368 810 2436 intellegebant·
831 2370 896 2422 lloc‘
904 2371 998 2438 probo·

201 2447 231 2492 to
243 2440 371 2502 consilio,
383 2455 417 2492 ex
430 2441 528 2491 castris
538 2439 762 2507 proficiscuntur.
799 2439 911 2502 Caesar,
928 2439 998 2506 equi·

201 2515 261 2562 tatu
273 2509 442 2576 praemisso,
463 2510 510 2576 qui
521 2510 702 2561 novissimum
714 2524 811 2574 agrurn
824 2514 950 2577 carperet
960 2514 997 2560 et·
1050 2521 1052 2526 ·

201 2593 253 2644 que
278 2578 439 2644 impediret,
473 2579 532 2645 ipse
558 2584 622 2630 eum*
639 2579 795 2645 legionibus
814 2578 996 2646 subsequitur⁴

201 2646 316 2696 Nullum
327 2646 645 2716 intercedebattempus,
657 2649 723 2715 quin
736 2649 921 2700 extremieum
929 2647 994 2716 equ'r

202 2714 278 2770 tibus
288 2713 505 2788 proeliarentur.
