2152 3144
360 165 510 216 LIBER
544 165 601 218 111.
835 165 885 220 371

84 281 118 318 un
141 271 203 318 usto
223 267 324 318 itinere
342 271 370 319 et
389 273 474 334 ponte
494 284 556 319 cum
576 269 679 336 oppido
699 271 885 336 coniungitur.

83 281 181 388 inhac
194 343 259 388 sunt
277 337 369 388 insula
380 337 522 390 domicilia
532 340 732 406 Aegyptiorum
754 344 783 389 et
800 340 885 402 ricus,

82 406 177 472 oppidi
193 406 395 474 magnitudine:
415 423 539 476 quaeque
560 409 663 475 ubique
678 423 764 458 naves
784 409 885 474 impru-

83 475 180 527 dentia
191 482 240 527 aut
250 483 416 542 tempestate
431 479 586 545 paullulum
601 492 747 528 succursu
762 477 884 529 decesse-

82 548 149 608 rint,
170 547 220 598 has
240 561 318 597 more
337 547 510 615 praedonum
531 548 652 613 diripere
672 554 884 598 consueverunt.

80 617 121 669 lis
132 622 225 666 autem
240 616 343 679 invitis,
363 631 381 668 a
390 618 490 685 quibus
500 615 605 669 Pharos
615 621 737 677 tenetur,
756 632 813 667 nou
824 623 885 682 pot·

82 690 198 738 estesse
217 692 331 752 propter
350 689 494 754 angustias
508 688 623 738 naribus
638 685 770 737 introitus
781 686 808 736 in
820 701 883 753 por·

80 761 150 807 tum.
186 754 250 806 Hoc
268 761 327 806 tum
348 759 455 808 veritus
472 759 583 820 Caesar,
604 755 729 809 hostibus
745 757 775 806 in
808 770 885 822 ugna

80 824 231 892 occupatis,
243 825 435 894 militibusque
446 829 595 895 expositis,
615 825 786 890 Pharonpre
825 817 885 876 ndit

80 900 166 960 etque
176 895 216 944 ihi
227 895 394 961 praesidium
411 899 513 963 posuit.
550 897 657 958 Quibus
668 900 712 946 est
722 896 807 946 rebus
819 891 885 946 effo-

80 969 165 1027 etum,
174 965 215 1014 uti
225 970 286 1016 tuto
297 964 468 1036 frumentum
480 959 638 1035 a'nxiliaque
647 966 762 1016 navibus
773 963 807 1016 ad
820 979 884 1040 euru

79 1037 238 1101 supportari
249 1042 373 1103 possent.
391 1036 507 1088 Dimisit
518 1038 590 1088 enim
601 1037 703 1087 circum
714 1049 811 1090 mnes
822 1049 884 1102 pro·

77 1106 196 1172 pinquas
207 1105 337 1172 regiones
349 1111 432 1174 atquc
448 1107 514 1158 inde
529 1106 632 1158 auxilia
643 1106 775 1157 evocarit.
811 1104 885 1156 Reli·

79 1175 141 1242 quis
150 1175 243 1240 oppidi
254 1176 378 1241 pertibus
389 1177 430 1229 sic
440 1183 483 1230 est
492 1181 654 1244 pugnatum,
665 1179 793 1241 utaequa
804 1187 884 1242 proe-

77 1245 118 1295 lio
129 1244 322 1296 discederetur
330 1252 359 1298 et
370 1251 462 1300 neutri
473 1247 653 1316 pellerentur,
674 1245 713 1308 (id
727 1243 884 1295 efficiebant

79 1316 227 1382 angustiae
237 1314 303 1378 loci)
314 1317 463 1384 paucisque
474 1318 614 1383 utrimque
632 1313 799 1376 interfectis,
815 1313 883 1364 cae·

78 1397 135 1448 sar,
151 1384 215 1449 loca
223 1386 343 1438 maxime
354 1388 514 1438 necessaria
523 1385 692 1451 complexus,
709 1387 792 1433 noctu
804 1397 883 1448 prue-

78 1455 177 1504 munit.
213 1454 377 1506 Hoctraetu
388 1456 481 1524 oppidi
497 1469 562 1522 pars
583 1459 644 1506 erat
663 1451 757 1520 regiae
775 1454 883 1518 exigue,

78 1525 106 1574 in
119 1539 201 1592 quam
216 1525 280 1591 ipse
292 1523 435 1576 habitandi
452 1541 551 1577 caussa
570 1524 652 1574 initio
664 1527 724 1574 erat
743 1521 883 1584 inductus,

79 1600 109 1645 et
119 1593 269 1657 theatrum,
290 1597 466 1646 coniunctum
478 1595 581 1656 domui,
600 1591 674 1660 quod
685 1592 758 1643 areis
768 1591 885 1643 tenebat

77 1662 171 1716 locum
190 1664 338 1732 aditusque
359 1663 479 1717 habebat
498 1663 534 1714 ad
553 1669 663 1731 portum
675 1667 705 1714 ct
719 1659 755 1712 ad
773 1660 885 1728 reliqua

78 1733 197 1786 navalia.
234 1734 295 1786 Has
316 1737 487 1787 munitiones
502 1731 716 1802 insequentibus
736 1731 815 1781 auxit
829 1729 885 1782 die·

77 1803 145 1865 bus,
164 1809 196 1854 ut
205 1819 257 1872 pro
268 1818 349 1858 muro
361 1806 486 1858 obiectas
497 1803 621 1866 haberet,
636 1817 691 1853 neu
701 1801 833 1854 dimicare
843 1800 885 1849 in-

76 1877 150 1924 vitus
171 1879 325 1942 cogeretur.
362 1877 476 1927 Interim
497 1873 557 1926 lilia
566 1873 657 1924 minor
672 1871 827 1923 Ptolemaei
840 1884 882 1921 re·

78 1945 129 2012 gis,
140 1959 254 1996 vacuam
267 1949 469 2013 possessionem
483 1945 560 2011 regni
572 1943 686 2010 sperans
693 1978 701 2004 ,
712 1940 746 1993 ad
756 1939 883 1994 Achillan

79 2029 142 2065 sese
157 2029 192 2066 ex
207 2015 284 2082 regia
294 2017 440 2068 transiecit
449 2029 559 2082 unaque
570 2011 674 2064 bellum
685 2011 882 2065 administrare

80 2084 179 2150 coepit.
203 2083 258 2136 Sed
269 2085 399 2137 celeriter
409 2091 453 2137 est
463 2086 538 2135 iuter
548 2097 596 2133 eos
606 2082 641 2133 de
652 2082 808 2147 principatu
818 2095 884 2131 con·

78 2155 217 2204 troversia
227 2159 305 2218 orem
322 2169 392 2221 quae
403 2171 449 2206 res
460 2154 533 2222 apud
543 2151 648 2203 milites
659 2151 824 2217 largitiones
835 2163 883 2200 au-

78 2224 134 2272 xit:
146 2225 255 2290 magnis
267 2225 339 2275 enim
350 2227 464 2276 iacturis
476 2224 528 2274 sibi
539 2223 655 2342 quisque
666 2235 762 2272 eorum
774 2219 883 2274 ammos

81 2293 255 2344 conciliabat.
290 2293 444 2346 llaecdum
456 2292 530 2360 apud
565 2294 640 2341 ostes
655 2295 809 2356 geruntur,
830 2288 882 2340 Po·

79 2360 185 2426 thinus,
199 2363 335 2414 nutricius
345 2364 428 2429 pueri
439 2369 467 2414 et
477 2364 644 2430 procurator
654 2359 742 2425 regui,
762 2360 791 2408 in
801 2364 883 2424 parte

80 2431 223 2495 Caesaris,
241 2448 324 2501 quum
336 2433 370 2483 ad
382 2433 506 2486 Achillan
516 2432 632 2484 nuncios
648 2429 774 2480 mitteret
789 2427 882 2480 horta·

78 2507 226 2570 retorque,
247 2519 282 2554 no
292 2503 408 2574 negotio
419 2505 577 2565 desisteret,
598 2514 668 2551 nevo
678 2501 770 2551 animo
782 2495 883 2550 defice

77 2577 129 2635 ret,
139 2572 269 2624 indicatis
280 2571 516 2643 deprehensisque
526 2570 718 2631 internunciis,
734 2585 752 2620 a
763 2569 881 2622 Caesare

78 2647 121 2694 ost
130 2642 304 2697 interfectus.
323 2639 748 2699 Haecinitiabellilllexandrini
759 2637 881 2692 luerunt.

377 2759 582 2778 mna—a·-

653 2781 726 2834 ΜΖ
