<?xml version="1.0" encoding="UTF-8"?>
<!DOCTYPE html PUBLIC "-//W3C//DTD XHTML 1.0 Transitional//EN"
    "http://www.w3.org/TR/xhtml1/DTD/xhtml1-transitional.dtd">
<html xmlns="http://www.w3.org/1999/xhtml" xml:lang="en" lang="en">
 <head>
  <title>
</title>
<meta http-equiv="Content-Type" content="text/html;charset=utf-8" />
  <meta name='ocr-system' content='tesseract 3.04.00' />
  <meta name='ocr-capabilities' content='ocr_page ocr_carea ocr_par ocr_line ocrx_word'/>
</head>
<body>
  <div class='ocr_page' id='page_1' title='image "./cjuliicaesarisc05caesgoog_0254.png"; bbox 0 0 2168 3134; ppageno 0'>
   <div class='ocr_carea' id='block_1_1' title="bbox 185 213 779 270">
    <p class='ocr_par' dir='ltr' id='par_1_1' title="bbox 185 213 779 270">
     <span class='ocr_line' id='line_1_1' title="bbox 185 213 779 270; baseline -0.002 0"><span class='ocrx_word' id='word_1_1' title='bbox 185 213 240 270; x_wconf 74' lang='lat' dir='ltr'>m</span> <span class='ocrx_word' id='word_1_2' title='bbox 404 217 461 268; x_wconf 78' lang='lat' dir='ltr'>ba</span> <span class='ocrx_word' id='word_1_3' title='bbox 480 215 621 268; x_wconf 77' lang='lat' dir='ltr'>RELLO</span> <span class='ocrx_word' id='word_1_4' title='bbox 642 215 779 270; x_wconf 77' lang='lat' dir='ltr'>clvlul</span> 
     </span>
    </p>
   </div>
   <div class='ocr_carea' id='block_1_2' title="bbox 181 315 998 2826">
    <p class='ocr_par' dir='ltr' id='par_1_2' title="bbox 181 315 998 2826">
     <span class='ocr_line' id='line_1_2' title="bbox 184 315 988 387; baseline -0.001 -13"><span class='ocrx_word' id='word_1_5' title='bbox 184 315 470 382; x_wconf 70' lang='lat' dir='ltr'>saibiremausimet,</span> <span class='ocrx_word' id='word_1_6' title='bbox 500 335 556 387; x_wconf 87' lang='lat' dir='ltr'>qno</span> <span class='ocrx_word' id='word_1_7' title='bbox 572 319 682 371; x_wconf 75' lang='lat' dir='ltr'>facilius</span> <span class='ocrx_word' id='word_1_8' title='bbox 698 335 782 372; x_wconf 87' lang='lat' dir='ltr'>omne</span> <span class='ocrx_word' id='word_1_9' title='bbox 793 319 988 373; x_wconf 72' lang='lat' dir='ltr'><strong>Hadriaticum</strong></span> 
     </span>
     <span class='ocr_line' id='line_1_3' title="bbox 185 390 990 458; baseline 0 -15"><span class='ocrx_word' id='word_1_10' title='bbox 185 407 262 444; x_wconf 83' lang='lat' dir='ltr'>mare</span> <span class='ocrx_word' id='word_1_11' title='bbox 273 393 404 442; x_wconf 81' lang='lat' dir='ltr'>extremis</span> <span class='ocrx_word' id='word_1_12' title='bbox 417 390 518 442; x_wconf 87' lang='lat' dir='ltr'>ltaliae</span> <span class='ocrx_word' id='word_1_13' title='bbox 532 391 659 456; x_wconf 87' lang='lat' dir='ltr'>partibus</span> <span class='ocrx_word' id='word_1_14' title='bbox 674 391 891 458; x_wconf 80' lang='lat' dir='ltr'>regionibusque</span> <span class='ocrx_word' id='word_1_15' title='bbox 903 392 990 443; x_wconf 84' lang='lat' dir='ltr'>Grae-</span> 
     </span>
     <span class='ocr_line' id='line_1_4' title="bbox 184 459 991 528; baseline 0 -16"><span class='ocrx_word' id='word_1_16' title='bbox 184 464 245 512; x_wconf 86' lang='lat' dir='ltr'>ciae</span> <span class='ocrx_word' id='word_1_17' title='bbox 256 462 285 512; x_wconf 89' lang='lat' dir='ltr'>in</span> <span class='ocrx_word' id='word_1_18' title='bbox 296 466 464 527; x_wconf 83' lang='lat' dir='ltr'>potestatem</span> <span class='ocrx_word' id='word_1_19' title='bbox 475 459 604 521; x_wconf 86' lang='lat' dir='ltr'>baberet,</span> <span class='ocrx_word' id='word_1_20' title='bbox 634 467 719 526; x_wconf 89' lang='lat' dir='ltr'>atque</span> <span class='ocrx_word' id='word_1_21' title='bbox 735 475 770 510; x_wconf 84' lang='lat' dir='ltr'>ex</span> <span class='ocrx_word' id='word_1_22' title='bbox 779 468 899 528; x_wconf 85' lang='lat' dir='ltr'>utraque</span> <span class='ocrx_word' id='word_1_23' title='bbox 910 469 991 528; x_wconf 89' lang='lat' dir='ltr'>parte</span> 
     </span>
     <span class='ocr_line' id='line_1_5' title="bbox 185 529 988 595; baseline -0.002 -12"><span class='ocrx_word' id='word_1_24' title='bbox 185 531 289 584; x_wconf 85' lang='lat' dir='ltr'>bellum</span> <span class='ocrx_word' id='word_1_25' title='bbox 309 529 505 580; x_wconf 81' lang='lat' dir='ltr'>administrare</span> <span class='ocrx_word' id='word_1_26' title='bbox 521 535 630 595; x_wconf 82' lang='lat' dir='ltr'>posset3</span> <span class='ocrx_word' id='word_1_27' title='bbox 660 544 696 579; x_wconf 89' lang='lat' dir='ltr'>an</span> <span class='ocrx_word' id='word_1_28' title='bbox 712 531 809 595; x_wconf 88' lang='lat' dir='ltr'>inopia</span> <span class='ocrx_word' id='word_1_29' title='bbox 824 532 988 582; x_wconf 48' lang='lat' dir='ltr'>nariumvibi</span> 
     </span>
     <span class='ocr_line' id='line_1_6' title="bbox 184 598 997 666; baseline 0.004 -15"><span class='ocrx_word' id='word_1_30' title='bbox 184 601 360 662; x_wconf 69' lang='lat' dir='ltr'>restitissem)</span> <span class='ocrx_word' id='word_1_31' title='bbox 379 601 550 666; x_wconf 82' lang='lat' dir='ltr'>veritusque,</span> <span class='ocrx_word' id='word_1_32' title='bbox 569 615 605 650; x_wconf 83' lang='lat' dir='ltr'>ne</span> <span class='ocrx_word' id='word_1_33' title='bbox 616 598 784 652; x_wconf 82' lang='lat' dir='ltr'>ltaliamille</span> <span class='ocrx_word' id='word_1_34' title='bbox 794 599 997 654; x_wconf 86' lang='lat' dir='ltr'>dimittendam·</span> 
     </span>
     <span class='ocr_line' id='line_1_7' title="bbox 184 669 990 737; baseline -0.002 -15"><span class='ocrx_word' id='word_1_35' title='bbox 184 686 240 722; x_wconf 88' lang='lat' dir='ltr'>non</span> <span class='ocrx_word' id='word_1_36' title='bbox 253 671 441 731; x_wconf 77' lang='lat' dir='ltr'>existimaret,</span> <span class='ocrx_word' id='word_1_37' title='bbox 471 670 563 720; x_wconf 80' lang='lat' dir='ltr'>exitus</span> <span class='ocrx_word' id='word_1_38' title='bbox 577 669 889 737; x_wconf 66' lang='lat' dir='ltr'>administrationesque</span> <span class='ocrx_word' id='word_1_39' title='bbox 899 671 990 720; x_wconf 88' lang='lat' dir='ltr'>Brun-</span> 
     </span>
     <span class='ocr_line' id='line_1_8' title="bbox 184 739 994 806; baseline -0.002 -14"><span class='ocrx_word' id='word_1_40' title='bbox 184 741 269 792; x_wconf 88' lang='lat' dir='ltr'>disini</span> <span class='ocrx_word' id='word_1_41' title='bbox 290 747 389 806; x_wconf 87' lang='lat' dir='ltr'>portus</span> <span class='ocrx_word' id='word_1_42' title='bbox 409 739 545 804; x_wconf 88' lang='lat' dir='ltr'>impedire</span> <span class='ocrx_word' id='word_1_43' title='bbox 565 739 702 789; x_wconf 76' lang='lat' dir='ltr'>instituit:</span> <span class='ocrx_word' id='word_1_44' title='bbox 733 754 851 806; x_wconf 88' lang='lat' dir='ltr'>quorum</span> <span class='ocrx_word' id='word_1_45' title='bbox 872 755 994 806; x_wconf 90' lang='lat' dir='ltr'>operum·</span> 
     </span>
     <span class='ocr_line' id='line_1_9' title="bbox 184 806 989 876; baseline -0.002 -14"><span class='ocrx_word' id='word_1_46' title='bbox 184 809 254 864; x_wconf 85' lang='lat' dir='ltr'>baec</span> <span class='ocrx_word' id='word_1_47' title='bbox 273 815 335 860; x_wconf 83' lang='lat' dir='ltr'>erat</span> <span class='ocrx_word' id='word_1_48' title='bbox 355 811 435 860; x_wconf 89' lang='lat' dir='ltr'>ratio.</span> <span class='ocrx_word' id='word_1_49' title='bbox 476 810 540 870; x_wconf 77' lang='lat' dir='ltr'>Qua</span> <span class='ocrx_word' id='word_1_50' title='bbox 559 806 653 873; x_wconf 80' lang='lat' dir='ltr'>fauces</span> <span class='ocrx_word' id='word_1_51' title='bbox 673 815 756 860; x_wconf 84' lang='lat' dir='ltr'>erant</span> <span class='ocrx_word' id='word_1_52' title='bbox 773 812 989 876; x_wconf 85' lang='lat' dir='ltr'>augustissimae</span> 
     </span>
     <span class='ocr_line' id='line_1_10' title="bbox 183 878 988 948; baseline -0.005 -16"><span class='ocrx_word' id='word_1_53' title='bbox 183 887 297 948; x_wconf 86' lang='lat' dir='ltr'>portus,</span> <span class='ocrx_word' id='word_1_54' title='bbox 321 879 410 931; x_wconf 86' lang='lat' dir='ltr'>moles</span> <span class='ocrx_word' id='word_1_55' title='bbox 419 884 504 946; x_wconf 86' lang='lat' dir='ltr'>atque</span> <span class='ocrx_word' id='word_1_56' title='bbox 516 893 649 946; x_wconf 86' lang='lat' dir='ltr'>aggerem</span> <span class='ocrx_word' id='word_1_57' title='bbox 659 878 695 930; x_wconf 90' lang='lat' dir='ltr'>ab</span> <span class='ocrx_word' id='word_1_58' title='bbox 706 885 824 946; x_wconf 87' lang='lat' dir='ltr'>utraque</span> <span class='ocrx_word' id='word_1_59' title='bbox 833 887 914 946; x_wconf 89' lang='lat' dir='ltr'>parte</span> <span class='ocrx_word' id='word_1_60' title='bbox 926 879 988 930; x_wconf 85' lang='lat' dir='ltr'>litu-</span> 
     </span>
     <span class='ocr_line' id='line_1_11' title="bbox 184 947 989 1016; baseline -0.001 -17"><span class='ocrx_word' id='word_1_61' title='bbox 184 953 225 1008; x_wconf 76' lang='lat' dir='ltr'>ris</span> <span class='ocrx_word' id='word_1_62' title='bbox 233 949 362 1010; x_wconf 87' lang='lat' dir='ltr'>iaciebat,</span> <span class='ocrx_word' id='word_1_63' title='bbox 373 947 449 1016; x_wconf 91' lang='lat' dir='ltr'>quod</span> <span class='ocrx_word' id='word_1_64' title='bbox 459 948 502 999; x_wconf 86' lang='lat' dir='ltr'>bis</span> <span class='ocrx_word' id='word_1_65' title='bbox 512 949 581 999; x_wconf 87' lang='lat' dir='ltr'>locis</span> <span class='ocrx_word' id='word_1_66' title='bbox 591 954 654 998; x_wconf 90' lang='lat' dir='ltr'>erat</span> <span class='ocrx_word' id='word_1_67' title='bbox 663 947 795 998; x_wconf 82' lang='lat' dir='ltr'>vadosum</span> <span class='ocrx_word' id='word_1_68' title='bbox 808 963 892 1000; x_wconf 88' lang='lat' dir='ltr'>mare.</span> <span class='ocrx_word' id='word_1_69' title='bbox 915 949 989 1000; x_wconf 78' lang='lat' dir='ltr'>lmu-</span> 
     </span>
     <span class='ocr_line' id='line_1_12' title="bbox 183 1017 989 1086; baseline -0.001 -17"><span class='ocrx_word' id='word_1_70' title='bbox 183 1022 247 1086; x_wconf 91' lang='lat' dir='ltr'>gius</span> <span class='ocrx_word' id='word_1_71' title='bbox 258 1031 437 1085; x_wconf 86' lang='lat' dir='ltr'>progressus,</span> <span class='ocrx_word' id='word_1_72' title='bbox 461 1032 545 1085; x_wconf 81' lang='lat' dir='ltr'>quum</span> <span class='ocrx_word' id='word_1_73' title='bbox 556 1029 645 1084; x_wconf 87' lang='lat' dir='ltr'>agger</span> <span class='ocrx_word' id='word_1_74' title='bbox 654 1017 757 1068; x_wconf 79' lang='lat' dir='ltr'>altiore</span> <span class='ocrx_word' id='word_1_75' title='bbox 767 1031 840 1083; x_wconf 86' lang='lat' dir='ltr'>aqua</span> <span class='ocrx_word' id='word_1_76' title='bbox 850 1019 989 1070; x_wconf 87' lang='lat' dir='ltr'>contineri</span> 
     </span>
     <span class='ocr_line' id='line_1_13' title="bbox 183 1087 989 1156; baseline 0 -16"><span class='ocrx_word' id='word_1_77' title='bbox 183 1104 239 1140; x_wconf 90' lang='lat' dir='ltr'>non</span> <span class='ocrx_word' id='word_1_78' title='bbox 263 1094 367 1154; x_wconf 86' lang='lat' dir='ltr'>posset,</span> <span class='ocrx_word' id='word_1_79' title='bbox 397 1094 474 1140; x_wconf 89' lang='lat' dir='ltr'>rates</span> <span class='ocrx_word' id='word_1_80' title='bbox 490 1087 629 1152; x_wconf 77' lang='lat' dir='ltr'>duplices,</span> <span class='ocrx_word' id='word_1_81' title='bbox 654 1101 864 1154; x_wconf 75' lang='lat' dir='ltr'>quoquoversus</span> <span class='ocrx_word' id='word_1_82' title='bbox 885 1089 989 1156; x_wconf 89' lang='lat' dir='ltr'>pedum</span> 
     </span>
     <span class='ocr_line' id='line_1_14' title="bbox 182 1157 990 1226; baseline -0.002 -16"><span class='ocrx_word' id='word_1_83' title='bbox 182 1160 308 1226; x_wconf 86' lang='lat' dir='ltr'>triginta,</span> <span class='ocrx_word' id='word_1_84' title='bbox 328 1159 468 1225; x_wconf 89' lang='lat' dir='ltr'>eregione</span> <span class='ocrx_word' id='word_1_85' title='bbox 478 1157 559 1208; x_wconf 86' lang='lat' dir='ltr'>molis</span> <span class='ocrx_word' id='word_1_86' title='bbox 570 1157 735 1208; x_wconf 84' lang='lat' dir='ltr'>collocabat.</span> <span class='ocrx_word' id='word_1_87' title='bbox 773 1157 832 1208; x_wconf 86' lang='lat' dir='ltr'>llas</span> <span class='ocrx_word' id='word_1_88' title='bbox 842 1161 990 1225; x_wconf 81' lang='lat' dir='ltr'>quaternis</span> 
     </span>
     <span class='ocr_line' id='line_1_15' title="bbox 182 1226 989 1295; baseline -0.004 -14"><span class='ocrx_word' id='word_1_89' title='bbox 182 1229 294 1280; x_wconf 85' lang='lat' dir='ltr'>ancoris</span> <span class='ocrx_word' id='word_1_90' title='bbox 306 1241 343 1278; x_wconf 82' lang='lat' dir='ltr'>ex</span> <span class='ocrx_word' id='word_1_91' title='bbox 352 1234 473 1295; x_wconf 89' lang='lat' dir='ltr'>quatuor</span> <span class='ocrx_word' id='word_1_92' title='bbox 486 1226 598 1294; x_wconf 87' lang='lat' dir='ltr'>augulis</span> <span class='ocrx_word' id='word_1_93' title='bbox 613 1226 783 1286; x_wconf 86' lang='lat' dir='ltr'>destinabat,</span> <span class='ocrx_word' id='word_1_94' title='bbox 811 1227 989 1280; x_wconf 75' lang='lat' dir='ltr'>stellantibus</span> 
     </span>
     <span class='ocr_line' id='line_1_16' title="bbox 182 1295 988 1365; baseline -0.004 -13"><span class='ocrx_word' id='word_1_95' title='bbox 182 1302 369 1352; x_wconf 83' lang='lat' dir='ltr'>morerentur.</span> <span class='ocrx_word' id='word_1_96' title='bbox 404 1297 459 1348; x_wconf 86' lang='lat' dir='ltr'>llis</span> <span class='ocrx_word' id='word_1_97' title='bbox 470 1298 602 1362; x_wconf 84' lang='lat' dir='ltr'>perlectis</span> <span class='ocrx_word' id='word_1_98' title='bbox 618 1295 814 1365; x_wconf 78' lang='lat' dir='ltr'>collocatisque</span> <span class='ocrx_word' id='word_1_99' title='bbox 829 1298 899 1349; x_wconf 84' lang='lat' dir='ltr'>alias</span> <span class='ocrx_word' id='word_1_100' title='bbox 910 1298 988 1350; x_wconf 90' lang='lat' dir='ltr'>dein·</span> 
     </span>
     <span class='ocr_line' id='line_1_17' title="bbox 183 1364 987 1436; baseline -0.002 -16"><span class='ocrx_word' id='word_1_101' title='bbox 183 1383 248 1435; x_wconf 87' lang='lat' dir='ltr'>ceps</span> <span class='ocrx_word' id='word_1_102' title='bbox 258 1369 319 1436; x_wconf 88' lang='lat' dir='ltr'>pari</span> <span class='ocrx_word' id='word_1_103' title='bbox 331 1367 523 1433; x_wconf 88' lang='lat' dir='ltr'>magnitudine</span> <span class='ocrx_word' id='word_1_104' title='bbox 535 1373 610 1417; x_wconf 91' lang='lat' dir='ltr'>rates</span> <span class='ocrx_word' id='word_1_105' title='bbox 621 1366 768 1434; x_wconf 86' lang='lat' dir='ltr'>iungebat;</span> <span class='ocrx_word' id='word_1_106' title='bbox 799 1364 848 1417; x_wconf 88' lang='lat' dir='ltr'>has</span> <span class='ocrx_word' id='word_1_107' title='bbox 859 1375 937 1420; x_wconf 91' lang='lat' dir='ltr'>terra</span> <span class='ocrx_word' id='word_1_108' title='bbox 946 1375 987 1419; x_wconf 87' lang='lat' dir='ltr'>at-</span> 
     </span>
     <span class='ocr_line' id='line_1_18' title="bbox 182 1436 987 1575; baseline 0 -15"><span class='ocrx_word' id='word_1_109' title='bbox 182 1436 987 1575; x_wconf 53' lang='lat' dir='ltr'>llllltzltllrllmrlltlltltl‘llliltllltll</span> 
     </span>
     <span class='ocr_line' id='line_1_19' title="bbox 182 1576 987 1644; baseline -0.001 -15"><span class='ocrx_word' id='word_1_110' title='bbox 182 1577 272 1630; x_wconf 86' lang='lat' dir='ltr'>latere</span> <span class='ocrx_word' id='word_1_111' title='bbox 283 1579 406 1628; x_wconf 85' lang='lat' dir='ltr'>cratibus</span> <span class='ocrx_word' id='word_1_112' title='bbox 416 1592 450 1629; x_wconf 90' lang='lat' dir='ltr'>ac</span> <span class='ocrx_word' id='word_1_113' title='bbox 459 1577 559 1643; x_wconf 80' lang='lat' dir='ltr'>pluteis</span> <span class='ocrx_word' id='word_1_114' title='bbox 570 1576 748 1642; x_wconf 81' lang='lat' dir='ltr'>protegebat:</span> <span class='ocrx_word' id='word_1_115' title='bbox 770 1577 798 1624; x_wconf 89' lang='lat' dir='ltr'>in</span> <span class='ocrx_word' id='word_1_116' title='bbox 811 1581 911 1644; x_wconf 86' lang='lat' dir='ltr'>quarta</span> <span class='ocrx_word' id='word_1_117' title='bbox 921 1593 987 1644; x_wconf 88' lang='lat' dir='ltr'>qua·</span> 
     </span>
     <span class='ocr_line' id='line_1_20' title="bbox 183 1645 988 1716; baseline -0.004 -17"><span class='ocrx_word' id='word_1_118' title='bbox 183 1663 237 1716; x_wconf 86' lang='lat' dir='ltr'>que</span> <span class='ocrx_word' id='word_1_119' title='bbox 257 1661 354 1698; x_wconf 74' lang='lat' dir='ltr'>aarum</span> <span class='ocrx_word' id='word_1_120' title='bbox 373 1653 466 1697; x_wconf 87' lang='lat' dir='ltr'>turres</span> <span class='ocrx_word' id='word_1_121' title='bbox 485 1647 613 1696; x_wconf 86' lang='lat' dir='ltr'>binorum</span> <span class='ocrx_word' id='word_1_122' title='bbox 628 1645 818 1696; x_wconf 83' lang='lat' dir='ltr'>tabulatorum</span> <span class='ocrx_word' id='word_1_123' title='bbox 836 1648 988 1710; x_wconf 81' lang='lat' dir='ltr'>excitabat,</span> 
     </span>
     <span class='ocr_line' id='line_1_21' title="bbox 182 1715 987 1837; baseline 0.001 -70"><span class='ocrx_word' id='word_1_124' title='bbox 182 1732 238 1837; x_wconf 78' lang='lat' dir='ltr'>quo</span> <span class='ocrx_word' id='word_1_125' title='bbox 254 1715 391 1770; x_wconf 87' lang='lat' dir='ltr'>commodi</span> <span class='ocrx_word' id='word_1_126' title='bbox 413 1731 426 1766; x_wconf 88' lang='lat' dir='ltr'>s</span> <span class='ocrx_word' id='word_1_127' title='bbox 442 1715 477 1765; x_wconf 87' lang='lat' dir='ltr'>ab</span> <span class='ocrx_word' id='word_1_128' title='bbox 493 1717 599 1781; x_wconf 89' lang='lat' dir='ltr'>impetu</span> <span class='ocrx_word' id='word_1_129' title='bbox 618 1716 729 1765; x_wconf 83' lang='lat' dir='ltr'>narium</span> <span class='ocrx_word' id='word_1_130' title='bbox 738 1716 928 1785; x_wconf 85' lang='lat' dir='ltr'>incendiisque</span> <span class='ocrx_word' id='word_1_131' title='bbox 939 1716 987 1769; x_wconf 88' lang='lat' dir='ltr'>de·</span> 
     </span>
     <span class='ocr_line' id='line_1_22' title="bbox 195 1785 995 1838; baseline -0.005 0"><span class='ocrx_word' id='word_1_132' title='bbox 195 1785 319 1838; x_wconf 81' lang='lat' dir='ltr'>cuderet.</span> <span class='ocrx_word' id='word_1_133' title='bbox 604 1819 607 1822; x_wconf 92' lang='lat'>-</span> <span class='ocrx_word' id='word_1_134' title='bbox 992 1799 995 1806; x_wconf 91' lang='lat'><em>·</em></span> 
     </span>
     <span class='ocr_line' id='line_1_23' title="bbox 234 1849 988 1932; baseline 0.003 -28"><span class='ocrx_word' id='word_1_135' title='bbox 234 1853 334 1906; x_wconf 81' lang='lat' dir='ltr'>xxvi.</span> <span class='ocrx_word' id='word_1_136' title='bbox 354 1852 459 1932; x_wconf 79' lang='lat' dir='ltr'>Contra</span> <span class='ocrx_word' id='word_1_137' title='bbox 467 1849 690 1918; x_wconf 88' lang='lat' dir='ltr'>baecPompeius</span> <span class='ocrx_word' id='word_1_138' title='bbox 700 1867 785 1904; x_wconf 86' lang='lat' dir='ltr'>nares</span> <span class='ocrx_word' id='word_1_139' title='bbox 794 1869 910 1922; x_wconf 89' lang='lat' dir='ltr'>magnas</span> <span class='ocrx_word' id='word_1_140' title='bbox 921 1870 988 1907; x_wconf 86' lang='lat' dir='ltr'>one·</span> 
     </span>
     <span class='ocr_line' id='line_1_24' title="bbox 181 1921 998 2064; baseline 0 -17"><span class='ocrx_word' id='word_1_141' title='bbox 181 1921 998 2064; x_wconf 57' lang='lat' dir='ltr'>lillasl*“llllltlulllll&#39;tllltltlltltz.</span> 
     </span>
     <span class='ocr_line' id='line_1_25' title="bbox 182 2059 986 2130; baseline 0 -15"><span class='ocrx_word' id='word_1_142' title='bbox 182 2077 296 2129; x_wconf 86' lang='lat' dir='ltr'>easque,</span> <span class='ocrx_word' id='word_1_143' title='bbox 315 2059 412 2111; x_wconf 87' lang='lat' dir='ltr'>multis</span> <span class='ocrx_word' id='word_1_144' title='bbox 430 2061 579 2111; x_wconf 86' lang='lat' dir='ltr'>tormentis</span> <span class='ocrx_word' id='word_1_145' title='bbox 599 2065 628 2110; x_wconf 87' lang='lat' dir='ltr'>et</span> <span class='ocrx_word' id='word_1_146' title='bbox 647 2063 723 2112; x_wconf 89' lang='lat' dir='ltr'>omni</span> <span class='ocrx_word' id='word_1_147' title='bbox 737 2078 843 2130; x_wconf 86' lang='lat' dir='ltr'>genere</span> <span class='ocrx_word' id='word_1_148' title='bbox 863 2065 986 2116; x_wconf 89' lang='lat' dir='ltr'>telorum</span> 
     </span>
     <span class='ocr_line' id='line_1_26' title="bbox 182 2129 987 2198; baseline 0.001 -14"><span class='ocrx_word' id='word_1_149' title='bbox 182 2131 350 2198; x_wconf 82' lang='lat' dir='ltr'>completas,</span> <span class='ocrx_word' id='word_1_150' title='bbox 379 2129 415 2181; x_wconf 90' lang='lat' dir='ltr'>ad</span> <span class='ocrx_word' id='word_1_151' title='bbox 428 2143 514 2195; x_wconf 87' lang='lat' dir='ltr'>opera</span> <span class='ocrx_word' id='word_1_152' title='bbox 525 2130 652 2182; x_wconf 81' lang='lat' dir='ltr'>Caesaris</span> <span class='ocrx_word' id='word_1_153' title='bbox 663 2131 837 2198; x_wconf 85' lang='lat' dir='ltr'>adpellebat,</span> <span class='ocrx_word' id='word_1_154' title='bbox 866 2141 897 2185; x_wconf 91' lang='lat' dir='ltr'>ut</span> <span class='ocrx_word' id='word_1_155' title='bbox 907 2140 987 2185; x_wconf 83' lang='lat' dir='ltr'>rates</span> 
     </span>
     <span class='ocr_line' id='line_1_27' title="bbox 183 2195 987 2270; baseline 0.004 -17"><span class='ocrx_word' id='word_1_156' title='bbox 183 2195 377 2270; x_wconf 72' lang='lat' dir='ltr'>perrumperet</span> <span class='ocrx_word' id='word_1_157' title='bbox 391 2205 475 2266; x_wconf 84' lang='lat' dir='ltr'>atque</span> <span class='ocrx_word' id='word_1_158' title='bbox 490 2213 576 2265; x_wconf 89' lang='lat' dir='ltr'>opera</span> <span class='ocrx_word' id='word_1_159' title='bbox 586 2199 766 2252; x_wconf 86' lang='lat' dir='ltr'>disturbaret.</span> <span class='ocrx_word' id='word_1_160' title='bbox 802 2201 848 2253; x_wconf 85' lang='lat' dir='ltr'>Sic</span> <span class='ocrx_word' id='word_1_161' title='bbox 858 2203 987 2270; x_wconf 81' lang='lat' dir='ltr'>quotidie</span> 
     </span>
     <span class='ocr_line' id='line_1_28' title="bbox 181 2267 985 2340; baseline 0 -16"><span class='ocrx_word' id='word_1_162' title='bbox 181 2273 322 2340; x_wconf 88' lang='lat' dir='ltr'>utrimque</span> <span class='ocrx_word' id='word_1_163' title='bbox 345 2269 452 2322; x_wconf 88' lang='lat' dir='ltr'>eminus</span> <span class='ocrx_word' id='word_1_164' title='bbox 471 2267 578 2332; x_wconf 81' lang='lat' dir='ltr'>fundis,</span> <span class='ocrx_word' id='word_1_165' title='bbox 607 2273 720 2339; x_wconf 87' lang='lat' dir='ltr'>sagittis</span> <span class='ocrx_word' id='word_1_166' title='bbox 736 2271 905 2338; x_wconf 88' lang='lat' dir='ltr'>reliquisque</span> <span class='ocrx_word' id='word_1_167' title='bbox 919 2272 985 2324; x_wconf 79' lang='lat' dir='ltr'>telis</span> 
     </span>
     <span class='ocr_line' id='line_1_29' title="bbox 181 2337 985 2410; baseline 0.001 -18"><span class='ocrx_word' id='word_1_168' title='bbox 181 2342 365 2410; x_wconf 82' lang='lat' dir='ltr'>pugnabatur.</span> <span class='ocrx_word' id='word_1_169' title='bbox 401 2338 490 2406; x_wconf 79' lang='lat' dir='ltr'>Atque</span> <span class='ocrx_word' id='word_1_170' title='bbox 505 2337 574 2390; x_wconf 86' lang='lat' dir='ltr'>haec</span> <span class='ocrx_word' id='word_1_171' title='bbox 584 2341 627 2390; x_wconf 86' lang='lat' dir='ltr'>ita</span> <span class='ocrx_word' id='word_1_172' title='bbox 641 2343 744 2392; x_wconf 76' lang='lat' dir='ltr'>caesar</span> <span class='ocrx_word' id='word_1_173' title='bbox 762 2341 985 2406; x_wconf 83' lang='lat' dir='ltr'>administrabat,</span> 
     </span>
     <span class='ocr_line' id='line_1_30' title="bbox 183 2408 985 2474; baseline 0.002 -12"><span class='ocrx_word' id='word_1_174' title='bbox 183 2418 214 2462; x_wconf 91' lang='lat' dir='ltr'>ut</span> <span class='ocrx_word' id='word_1_175' title='bbox 223 2411 396 2462; x_wconf 89' lang='lat' dir='ltr'>conditiones</span> <span class='ocrx_word' id='word_1_176' title='bbox 407 2409 481 2474; x_wconf 87' lang='lat' dir='ltr'>pacis</span> <span class='ocrx_word' id='word_1_177' title='bbox 491 2408 671 2461; x_wconf 86' lang='lat' dir='ltr'>dimittendas</span> <span class='ocrx_word' id='word_1_178' title='bbox 682 2425 736 2461; x_wconf 90' lang='lat' dir='ltr'>non</span> <span class='ocrx_word' id='word_1_179' title='bbox 744 2411 926 2463; x_wconf 83' lang='lat' dir='ltr'>existimaret.</span> <span class='ocrx_word' id='word_1_180' title='bbox 943 2413 985 2464; x_wconf 80' lang='lat' dir='ltr'>Ac</span> 
     </span>
     <span class='ocr_line' id='line_1_31' title="bbox 183 2477 987 2548; baseline 0.009 -20"><span class='ocrx_word' id='word_1_181' title='bbox 183 2480 295 2534; x_wconf 88' lang='lat' dir='ltr'>tametsi</span> <span class='ocrx_word' id='word_1_182' title='bbox 306 2491 474 2545; x_wconf 84' lang='lat' dir='ltr'>magnopere</span> <span class='ocrx_word' id='word_1_183' title='bbox 485 2477 685 2542; x_wconf 86' lang='lat' dir='ltr'>admirabatur,</span> <span class='ocrx_word' id='word_1_184' title='bbox 705 2480 839 2546; x_wconf 86' lang='lat' dir='ltr'>Magium,</span> <span class='ocrx_word' id='word_1_185' title='bbox 855 2495 937 2548; x_wconf 91' lang='lat' dir='ltr'>quem</span> <span class='ocrx_word' id='word_1_186' title='bbox 948 2482 987 2535; x_wconf 89' lang='lat' dir='ltr'>ad</span> 
     </span>
     <span class='ocr_line' id='line_1_32' title="bbox 183 2546 986 2615; baseline 0.004 -16"><span class='ocrx_word' id='word_1_187' title='bbox 183 2548 343 2615; x_wconf 84' lang='lat' dir='ltr'>Pompeium</span> <span class='ocrx_word' id='word_1_188' title='bbox 352 2560 416 2612; x_wconf 85' lang='lat' dir='ltr'>cum</span> <span class='ocrx_word' id='word_1_189' title='bbox 427 2546 566 2596; x_wconf 82' lang='lat' dir='ltr'>arandatis</span> <span class='ocrx_word' id='word_1_190' title='bbox 576 2550 698 2611; x_wconf 86' lang='lat' dir='ltr'>miserat,</span> <span class='ocrx_word' id='word_1_191' title='bbox 712 2549 746 2598; x_wconf 87' lang='lat' dir='ltr'>ud</span> <span class='ocrx_word' id='word_1_192' title='bbox 757 2563 787 2600; x_wconf 85' lang='lat' dir='ltr'>se</span> <span class='ocrx_word' id='word_1_193' title='bbox 799 2563 853 2601; x_wconf 87' lang='lat' dir='ltr'>non</span> <span class='ocrx_word' id='word_1_194' title='bbox 863 2553 986 2615; x_wconf 87' lang='lat' dir='ltr'>remitti;</span> 
     </span>
     <span class='ocr_line' id='line_1_33' title="bbox 182 2619 986 2684; baseline 0.005 -16"><span class='ocrx_word' id='word_1_195' title='bbox 182 2626 265 2684; x_wconf 84' lang='lat' dir='ltr'>atque</span> <span class='ocrx_word' id='word_1_196' title='bbox 277 2632 311 2668; x_wconf 90' lang='lat' dir='ltr'>ea</span> <span class='ocrx_word' id='word_1_197' title='bbox 322 2631 367 2666; x_wconf 88' lang='lat' dir='ltr'>res</span> <span class='ocrx_word' id='word_1_198' title='bbox 377 2629 459 2680; x_wconf 89' lang='lat' dir='ltr'>saepe</span> <span class='ocrx_word' id='word_1_199' title='bbox 469 2619 579 2666; x_wconf 89' lang='lat' dir='ltr'>tentata</span> <span class='ocrx_word' id='word_1_200' title='bbox 588 2619 639 2667; x_wconf 86' lang='lat' dir='ltr'>etsi</span> <span class='ocrx_word' id='word_1_201' title='bbox 651 2619 770 2683; x_wconf 89' lang='lat' dir='ltr'>impetus</span> <span class='ocrx_word' id='word_1_202' title='bbox 782 2620 842 2669; x_wconf 87' lang='lat' dir='ltr'>eius</span> <span class='ocrx_word' id='word_1_203' title='bbox 853 2621 986 2672; x_wconf 87' lang='lat' dir='ltr'>consilia-</span> 
     </span>
     <span class='ocr_line' id='line_1_34' title="bbox 182 2685 985 2755; baseline 0.01 -21"><span class='ocrx_word' id='word_1_204' title='bbox 182 2701 236 2751; x_wconf 83' lang='lat' dir='ltr'>que</span> <span class='ocrx_word' id='word_1_205' title='bbox 247 2685 388 2736; x_wconf 82' lang='lat' dir='ltr'>tardabat:</span> <span class='ocrx_word' id='word_1_206' title='bbox 418 2689 511 2734; x_wconf 74' lang='lat' dir='ltr'>tanwn</span> <span class='ocrx_word' id='word_1_207' title='bbox 528 2685 653 2735; x_wconf 85' lang='lat' dir='ltr'>omnibus</span> <span class='ocrx_word' id='word_1_208' title='bbox 667 2687 752 2736; x_wconf 87' lang='lat' dir='ltr'>rebus</span> <span class='ocrx_word' id='word_1_209' title='bbox 767 2687 795 2737; x_wconf 89' lang='lat' dir='ltr'>in</span> <span class='ocrx_word' id='word_1_210' title='bbox 811 2704 845 2740; x_wconf 92' lang='lat' dir='ltr'>eo</span> <span class='ocrx_word' id='word_1_211' title='bbox 856 2703 985 2755; x_wconf 82' lang='lat' dir='ltr'>perreve-</span> 
     </span>
     <span class='ocr_line' id='line_1_35' title="bbox 183 2751 984 2826; baseline 0.011 -23"><span class='ocrx_word' id='word_1_212' title='bbox 183 2752 298 2804; x_wconf 84' lang='lat' dir='ltr'>randum</span> <span class='ocrx_word' id='word_1_213' title='bbox 308 2751 431 2822; x_wconf 83' lang='lat' dir='ltr'>putabat</span> <span class='ocrx_word' id='word_1_214' title='bbox 449 2752 547 2819; x_wconf 86' lang='lat' dir='ltr'>ltaque</span> <span class='ocrx_word' id='word_1_215' title='bbox 558 2753 702 2806; x_wconf 81' lang='lat' dir='ltr'>Caninium</span> <span class='ocrx_word' id='word_1_216' title='bbox 711 2753 838 2808; x_wconf 84' lang='lat' dir='ltr'>llebilum</span> <span class='ocrx_word' id='word_1_217' title='bbox 848 2758 984 2826; x_wconf 80' lang='lat' dir='ltr'>legatum,</span> 
     </span>
    </p>
   </div>
   <div class='ocr_carea' id='block_1_3' title="bbox 0 0 1088 3134">
    <p class='ocr_par' dir='ltr' id='par_1_3' title="bbox 0 0 1088 3134">
     <span class='ocr_line' id='line_1_36' title="bbox 0 0 1088 3134; baseline 0 1"><span class='ocrx_word' id='word_1_218' title='bbox 0 0 1088 3134; x_wconf 95' lang='lat' dir='ltr'> </span> 
     </span>
    </p>
   </div>
  </div>
 </body>
</html>
