2134 3148
197 169 253 246 eso
480 185 725 241 ocaeano

200 295 348 349 utebantur
358 299 387 346 et
397 292 519 346 fluminis
531 294 606 357 ripas
616 291 871 358 adpropinquantes
881 301 1003 358 coango»

200 369 266 418 stati
277 365 541 430 praecipitabantur,
577 364 632 412 Hic
642 361 724 412 aitcri
735 360 833 410 alteris
844 373 899 409 non
911 358 1006 410 solum

199 441 320 488 mortem
341 435 424 485 morti
444 433 660 500 exaggerabant,
675 430 725 481 sed
744 428 866 480 tumulos
887 427 1005 478 tumulis

200 506 403 572 exaequabant.
437 502 585 554 ltadiebus
597 499 786 566 compluribus
797 499 926 563 cupiebat
938 499 1006 548 Cae·

199 591 254 638 sar,
274 577 297 626 si
308 589 363 642 qua
373 572 531 625 conditione
542 577 647 637 posset,
659 569 835 621 adversarios
846 570 875 618 in
887 582 1004 634 aequum

199 645 292 697 locum
308 643 445 696 deducere
463 647 493 694 et
507 643 597 709 primo
614 655 725 708 quoquc
740 645 868 704 tempore
884 637 1005 689 debello

202 716 361 769 decernere.
875 740 878 746 ·

254 785 301 838 Vl.
320 783 350 834 ld
362 798 445 852 quum
457 781 693 834 animadverteret
703 777 880 830 adversarios
890 778 1005 828 minime

201 855 287 914 relic,
304 867 373 920 quos
388 853 452 904 ideo
467 869 485 903 a
494 854 540 904 ria
550 854 722 911 retraxerat,
743 849 816 900 utin
829 863 949 915 aequum
960 847 1007 898 de·

202 925 325 983 duceret,
337 923 426 988 copiis
437 922 540 974 ssumen
552 919 732 980 transductis,
742 923 827 968 noctu
837 918 914 968 iubet
923 918 1006 986 ignes

202 993 265 1044 tisri
275 1007 402 1058 magnos.
438 993 481 1043 lta
491 991 680 1043 firmissimum
693 987 928 1053 eiuspraesidium
940 989 1006 1038 Ate·

202 1077 284 1132 guam
295 1059 492 1126 proficiscitur.
530 1062 559 1111 id
571 1075 653 1128 quum
671 1059 819 1124 Pompeius
832 1071 865 1108 ex
876 1054 1006 1124 perfugis
1050 1111 1051 1116 ,

201 1133 379 1193 rescisset,ea
388 1130 433 1180 die
442 1145 494 1196 per
504 1133 611 1182 riarum
622 1128 812 1181 difficultatem
824 1129 1007 1194 etangustias
1049 1119 1051 1178 i

202 1217 283 1253 carra
304 1200 449 1264 complura
470 1199 765 1269 multosque'lanistas
780 1198 899 1248 retraxit
918 1202 949 1248 et
967 1196 1006 1248 ad

202 1271 357 1324 Cordubam
368 1285 397 1320 se
408 1271 523 1335 recepit.
543 1272 646 1322 Caesar
656 1268 855 1320 munitionibus
865 1269 1004 1334 Ateguam
1050 1273 1051 1332 i

202 1355 364 1408 oppugnare
385 1344 414 1390 et
428 1339 543 1390 brachia
558 1338 765 1391 circumducere
780 1339 880 1401 eoepit.
916 1338 1005 1387 Cuius
1050 1343 1051 1362 *

201 1413 243 1462 rei
255 1411 386 1476 Pompeio
397 1424 479 1476 quum
491 1411 610 1461 nuncius
625 1414 700 1461 esset
710 1407 828 1468 adlatus,
839 1421 872 1458 eo
883 1406 929 1457 die
941 1420 1005 1471 pro-

201 1480 340 1531 ficiscitur.
376 1480 460 1530 Cuius
471 1482 498 1529 iu
511 1481 667 1540 adventum,
678 1477 812 1543 praesidii
823 1490 930 1537 caussa,
936 1479 1006 1528 Cae·

201 1563 247 1601 aar
258 1549 402 1614 complura
419 1550 534 1601 castella
548 1550 706 1615 occuparit,
727 1548 829 1612 partim
841 1547 887 1597 ubi
899 1549 1006 1614 equita·

202 1626 257 1683 tus,
268 1621 370 1687 partim
385 1619 432 1670 ubi
449 1619 588 1684 pedestris
603 1621 683 1684 copia
696 1619 725 1667 in
741 1617 862 1667 statione
873 1622 902 1668 ot
915 1615 947 1666 in
957 1631 1006 1668 ex-

200 1691 296 1740 cubitu
306 1689 406 1739 castris
414 1689 553 1753 praesidio
563 1704 625 1740 esse
637 1691 760 1753 possent.
795 1687 851 1738 Hic
861 1686 890 1735 in
900 1685 1007 1738 adven·

201 1765 233 1808 tu
245 1758 368 1822 Pompeii
380 1758 490 1818 incidit,
507 1764 539 1808 ut
553 1759 693 1809 matutino
709 1762 835 1822 tempore
846 1754 953 1806 nebula
963 1771 1008 1808 es·
1049 1759 1050 1762 ’

201 1832 245 1878 set
255 1827 436 1876 crassissima.
473 1829 604 1895 ltaquein
615 1829 665 1878 iila
674 1825 869 1878 obscuratione
881 1839 946 1876 cum
957 1826 1009 1876 ali·
1049 1855 1050 1864 κ

200 1901 268 1962 quot
290 1893 452 1946 cohortibus
474 1903 504 1946 et
518 1901 642 1966 equitum
663 1897 762 1947 turmis
783 1894 1009 1946 circumcludunt

202 1966 329 2017 Caesaris
340 1965 447 2031 equites
458 1971 488 2016 et
498 1966 657 2029 concidunt,
677 1968 725 2028 aio,
736 1970 766 2015 ut
777 1966 823 2015 vix
833 1965 860 2016 ia
870 1978 905 2016 ea
915 1966 1007 2017 caede

201 2035 281 2104 pauci
292 2032 455 2101 effugerent.

246 2104 303 2156 vu.
322 2105 484 2171 Insequenti
495 2111 575 2157 nocte
587 2111 680 2157 castra
694 2119 744 2158 sua
754 2103 878 2156 incendit
886 2102 1010 2170 Pompe

201 2177 245 2227 ius
256 2183 286 2225 et
296 2181 373 2225 trans
384 2173 487 2226 burnan
499 2173 606 2226 Salsum
614 2191 663 2244 per
674 2174 815 2227 convalles
826 2179 919 2225 castra
929 2175 1011 2225 inter

201 2245 256 2296 duo
268 2244 376 2311 oppida,
386 2245 523 2312 Ateguam
534 2246 690 2308 etUoubim,
700 2247 728 2295 in
740 2250 835 2296 monte
846 2243 1010 2296 constituit.

202 2317 306 2366 Caesar
316 2316 343 2364 in
354 2315 555 2366 munitionibus
566 2317 732 2382 ceterisque,
744 2329 816 2382 quae
826 2315 861 2365 ad
871 2314 1011 2380 oppidum

201 2382 414 2452 oppugnandum
427 2398 496 2451 opus
507 2383 629 2446 fuerunt,
640 2399 770 2452 aggerem
780 2386 932 2450 vineasque
944 2399 1013 2450 age-

202 2469 233 2506 re
248 2454 382 2505 instituit.
417 2454 499 2505 liaeo
518 2454 581 2504 loca
601 2460 668 2506 sunt
687 2460 837 2506 montuosa
852 2457 880 2504 et
900 2460 1015 2505 natura

201 2523 279 2572 edite
297 2520 407 2572 adrem
427 2524 593 2585 militarem
612 2537 683 2590 quae
703 2524 823 2590 planitie
840 2522 1015 2575 dividuntur

201 2589 282 2640 Salso
295 2587 421 2652 flumine,
443 2595 568 2656 proxime
585 2597 678 2644 tamen
694 2594 845 2660 Ateguam,
865 2597 898 2642 ut
909 2592 948 2644 ad
959 2592 1016 2644 ssu-

201 2669 264 2706 mon
275 2659 333 2706 sint
343 2658 456 2709 circiter
467 2675 594 2725 passuum
603 2661 657 2712 duo
668 2662 753 2713 miiia.
789 2663 832 2713 Ex
844 2677 878 2712 ea
889 2663 1015 2728 regione

201 2725 293 2788 oppidi
303 2725 333 2774 in
343 2729 483 2780 montibus
493 2735 587 2785 castra
596 2728 693 2782 babuit
703 2733 797 2798 posita
804 2731 967 2797 Pompeius,
979 2729 1012 2782 in
