2168 3134
111 238 114 242 b
187 176 237 230 loo
372 174 429 226 DE
448 173 589 229 BELLO
608 173 798 227 Gannico

170 281 276 348 ,prima
294 277 357 330 luce
376 279 502 346 quotidie
519 280 553 330 ad
569 295 600 331 se
615 278 730 330 iubebat
744 277 908 341 convenire,
934 291 984 330 scu

170 391 173 400 Α
205 348 254 400 uid
264 349 531 411 communicandum,
550 364 601 400 seu
612 347 677 416 quid
688 347 937 399 administrandum
949 347 988 396 ri·

186 367 312 470 deretur:
333 433 421 486 neque
432 417 590 471 ulluml'erc
600 418 671 468 diem
683 418 900 479 intermittebat,
920 419 987 485 quin

187 489 313 557 equestri
324 489 440 555 proelio,
459 489 614 539 interiectis
625 488 787 554 sagittariis,
806 488 872 553 quid
881 488 910 536 in
921 497 997 553 quo··

173 571 240 624 ¹que
255 564 331 616 esset
345 559 429 608 animi
445 573 477 610 ac
490 560 603 608 virtutis
618 573 744 620 suorum,
772 556 989 624 periclitaretur.

172 628 257 680 ‚Erat
267 641 282 676 e
292 629 406 693 regione
422 629 516 694 oppidi
533 627 611 678 collis
626 627 676 677 sub
686 627 752 693 ipsis
762 625 900 678 radicibus
911 640 989 676 mon·

173 697 238 758 tis,
266 698 378 763 egregio
394 700 516 748 munitus
528 701 612 762 atque
624 712 659 748 ex
671 697 744 747 omni
755 701 836 763 parte
847 695 990 747 circumci-
1059 694 1060 706 ¹

174 781 247 817 sus:
264 771 357 830 (quem
368 766 392 816 si
403 771 532 818 tenerent
542 769 642 828 nostri,
660 774 687 816 et
697 781 786 833 aquae
796 781 897 833 magna
906 769 988 831 parte

187 840 216 886 et
226 833 404 901 pabulatione
415 836 504 886 libera
518 831 683 901 prohibituri
700 834 795 886 hostes
806 829 987 896 videbantur3
1061 865 1062 870 =

185 903 236 954 sed
246 904 270 960 ir
280 904 357 954 locus
371 904 512 968 praesidio
529 904 563 954 ab
575 905 608 952 iia
623 919 678 954 non
690 904 770 954 nimis
781 903 864 955 firmo
874 904 988 956 teneba-

185 973 262 1033 turz)
281 977 377 1023 tamen
389 973 501 1024 silentio
512 974 602 1022 noctis
613 974 723 1036 Caesar,
742 988 776 1024 ex
787 975 885 1024 castris
895 987 989 1040 egres·

148 1063 154 1071 ·
185 1054 247 1101 sus,
275 1042 351 1104 prius
371 1055 454 1108 quam
473 1040 595 1092 subsidio
612 1056 647 1092 ex
663 1042 763 1109 oppido
777 1045 866 1094 veniri
882 1048 988 1109 posset,

186 1109 293 1161 deiecto
305 1110 445 1176 praesidio
457 1112 562 1178 potitus
574 1110 648 1173 loco,
668 1112 736 1162 duas
747 1113 785 1162 ibi
795 1113 920 1179 legiones
931 1111 988 1163 col-

176 1178 299 1241 locavit,
310 1178 469 1247 fossamque
479 1180 615 1246 duplicem
626 1180 781 1233 duodenum
793 1182 894 1247 pedum
904 1199 922 1233 a
932 1196 989 1232 ma·

175 1249 291 1300 ‚loribus
302 1251 401 1303 eastris
411 1250 446 1301 ad
456 1251 565 1300 minora
576 1251 714 1316 perduxit,
730 1258 762 1301 ut
772 1258 833 1303 tuto
846 1253 879 1302 ab
889 1265 988 1316 repen-

177 1317 989 1390 ,tinobostiumincursuetiamsingulicommearoposscnt.

237 1388 379 1442 xxxvn.
408 1390 482 1441 Dum
507 1389 576 1442 haec
599 1392 634 1442 ud
655 1391 822 1458 Gergoviam
842 1397 989 1458 geruntur,

176 1458 416 1516 ¹Conuictolitauis
431 1461 555 1524 Aeduus,
583 1463 627 1511 cui
641 1464 835 1530 magistratum
851 1461 990 1512 adiudica-

135 1543 138 1552 ·
185 1535 245 1580 tum
256 1545 273 1580 u
284 1531 403 1582 Caesare
420 1531 685 1594 demonstravimus,
712 1532 880 1583 sollicitatus
896 1532 930 1581 ab
942 1532 991 1581 Ar·

176 1600 279 1649 ¹vernis
291 1601 422 1664 pecunia,
451 1616 511 1651 cum
524 1600 688 1667 quibusdam
700 1600 924 1652 adolescentibus
934 1599 991 1649 col·

177 1666 324 1734 loquitur,
343 1683 461 1733 quorum
473 1676 535 1720 erat
543 1671 671 1737 princeps
682 1669 823 1720 Litavicus
833 1673 916 1734 atque
927 1668 990 1716 eius

178 1733 299 1797 ¹fratres,
317 1737 489 1803 amplissima
497 1737 606 1790 familia
616 1741 676 1788 nati
687 1737 888 1790 adolescentes.
919 1737 990 1785 Cum

185 1805 219 1854 iis
230 1806 384 1869 praemium
394 1809 578 1858 communiant
588 1806 787 1871 hortaturque,
814 1813 846 1856 at
855 1821 883 1856 se
892 1804 991 1856 liberos

186 1881 212 1923 et
222 1871 334 1940 imperio
344 1883 422 1926 notos
433 1875 617 1928 inerninerint:
635 1891 718 1928 unam
729 1891 783 1927 etse
793 1874 946 1926 Aeduorum
955 1873 994 1925 ci·

185 1941 308 2003 ritatem,
319 1957 387 2006 qaae
396 1943 574 1997 certissimam
583 1944 994 2004 Galliaevictoriamdbtineat;

186 2010 242 2063 eius
257 2012 424 2066 auctoritate
440 2013 558 2080 reliquae
576 2015 726 2076 coniicerm
754 2031 807 2082 qua
822 2015 993 2077 transducta,

179 2085 271 2146 =locum
290 2082 450 2136 cominente·
463 2083 594 2136 Romanis
609 2085 639 2138 in
658 2085 750 2137 Gallia
766 2103 818 2138 non
827 2085 909 2157 fore.-
936 2099 993 2136 erte
1011 2100 1014 2104 ’

180 2153 311 2208 nonnullo
321 2170 348 2205 ee
359 2151 484 2208 Caesaris
494 2153 619 2224 beneficio
629 2156 776 2232 adfectam,
793 2154 832 2208 eie
843 2163 941 2215 tamen,
960 2161 993 2206 at

185 2221 362 2276 iustimimam
378 2225 453 2291 apud
464 2240 524 2278 eum
538 2240 662 2277 caussam
680 2225 846 2286 ootiooerit;
873 2225 920 2276 red
931 2225 993 2287 plue

181 2292 318 2348 ,communi
329 2293 451 2346 libertati
462 2293 598 2347 tribuere:
624 2312 673 2347 cur
683 2295 753 2348 enim
758 2294 852 2363 potiar
862 2294 950 2346 Aedui
960 2294 993 2346 de

181 2380 233 2428 ,tuo
253 2362 313 2414 iure
338 2372 365 2416 et
384 2364 414 2415 de
436 2363 539 2433 legitor
560 2367 597 2417 aa
616 2364 758 2418 Caesarem
777 2365 992 2432 disceptatorem,

181 2448 269 2500 ,quam
280 2430 397 2486 Romani
408 2433 445 2484 ad
453 2433 572 2498 Aeduos,
594 2435 722 2488 veniunt?
750 2436 887 2487 Celeriter-
896 2434 992 2486 adole-

187 2505 327 2556 scentibus
339 2509 368 2556 et
383 2507 510 2556 oratione
526 2509 708 2573 magistratus
725 2513 754 2557 et
771 2509 896 2572 praemio
907 2503 991 2555 dedu·

182 2573 254 2634 ctis,
273 2589 356 2641 quum
367 2589 398 2625 se
409 2576 453 2626 vel
465 2577 602 2642 principes
614 2578 673 2628 eius
685 2575 794 2627 consilii
805 2575 866 2626 fore
876 2574 990 2641 prolite-

186 2648 297 2705 rcntur,
322 2645 403 2711 ‚ratio
410 2645 572 2708 perficiendi
582 2647 783 2713 quaerebatur,
813 2645 885 2713 quod
896 2645 991 2694 cirita·

186 2715 243 2759 tem
263 2716 369 2766 temere
388 2711 424 2768 ad
442 2715 650 2784 suscipiendum
669 2716 774 2769 bollum
791 2715 890 2770 adduci
904 2725 989 2783 posse
