2180 3140
186 211 241 268 2⁷2
404 210 460 263 lle
479 210 619 264 BELLO
638 209 776 265 cirini

187 331 254 368 num
265 313 375 368 itineris
387 313 507 368 officium
518 317 681 368 revortitur:
692 321 833 383 pugnatur
842 313 946 366 aerim
957 313 1003 366 ari

187 385 371 438 novissimum
387 399 501 453 agmen,
529 383 614 448 adom
645 390 677 436 ut
689 400 777 451 paene
787 390 867 453 terga
878 397 1001 436 eonver-

190 460 265 508 tant:
296 453 508 522 compluresque
519 453 634 517 milites,
663 455 747 506 etiarn
758 454 1001 508 nonnullieentn·

190 526 287 578 riones
301 524 514 576 interficiuntur.
549 525 676 576 Instabat
692 537 794 593 agmen
810 523 937 576 Caesarie
953 529 1000 574 at-
1080 569 1081 574 ,

191 610 244 664 que
255 595 418 648 universum
429 594 600 654 imminebat.

243 663 370 716 Lxxxl.
388 664 461 716 Turn
480 677 651 732 veronaque
663 663 702 716 ad
716 661 917 730 explorandum
933 661 997 712 ide·

174 788 177 794 ,
191 747 274 786 neum
286 731 376 786 locun
389 735 502 797 nastris,
533 749 622 801 neque
634 733 669 785 ad
681 732 915 802 progrediendum
926 731 997 782 (lata

191 801 341 865 facultate,
370 805 528 854 consistunt
542 804 699 856 necessario
714 808 743 855 et
756 803 857 870 procul
868 801 902 852 alr
913 815 997 868 aqua,

191 879 220 925 et
229 877 332 924 tratura
341 873 436 939 iniquo
446 873 518 934 loco,
538 879 633 924 castra
644 880 761 939 ponunt.
784 871 840 924 Sed
847 870 948 923 iisdem
959 869 997 922 de

183 942 296 1004 ,caussis
306 943 417 1004 Caesar,
432 957 503 1008 quae
514 956 599 1008 supra
609 947 675 994 sunt
684 942 904 1002 demonstrasse,
915 955 996 1006 proe-

190 1010 229 1061 lio
240 1010 359 1077 amplius
371 1024 425 1060 non
437 1011 549 1062 lacessit
564 1016 594 1064 et
609 1026 642 1064 eo
658 1011 703 1063 die
715 1011 897 1064 tabernacula
906 1009 996 1060 steten

190 1094 289 1148 passus
306 1086 431 1142 nonest,
462 1095 516 1147 quo
526 1083 684 1147 paratiores
694 1086 789 1134 essent
803 1081 838 1132 ael
848 1082 997 1147 insequen-

192 1150 258 1200 dunr
270 1163 380 1212 omnes,
410 1150 468 1202 sire
479 1157 576 1214 noctu,
608 1151 997 1216 sireinterrliuernnrperest.

192 1217 237 1274 llli
249 1220 331 1284 eninr,
352 1218 469 1272 adverso
481 1221 548 1271 vitio
559 1228 722 1284 castrorum,
742 1226 803 1271 tota
813 1225 896 1272 noete
906 1218 997 1270 muni·

192 1291 284 1342 tiones
295 1287 452 1356 proferunt,
467 1296 613 1358 castraque
622 1293 723 1343 nastris
734 1294 908 1342 convertunt
933 1287 998 1339 llos

192 1359 269 1412 idern
282 1364 394 1426 postero
405 1358 451 1410 oie
462 1375 479 1410 a
490 1362 577 1426 priora
588 1360 649 1413 luce
661 1360 766 1412 laeiunt
776 1361 954 1426 totumquein
962 1367 997 1408 ea

195 1445 227 1482 re
238 1428 310 1480 (lieni
323 1437 498 1480 consumunt.
522 1429 591 1492 Sed,
612 1435 745 1498 quantuni
756 1443 841 1497 opere
853 1441 997 1494 proeesse·

194 1504 259 1552 rant
275 1503 304 1552 ct
320 1503 413 1550 castra
426 1499 617 1566 protulerant,
645 1505 728 1551 tauto
743 1500 861 1552 aberunt
877 1498 911 1548 ab
923 1509 997 1562 aqua

193 1568 321 1638 longius,
349 1573 378 1619 et
394 1570 537 1635 praesenti
551 1570 626 1621 malo
643 1567 936 1621 aliismalisrenredia
949 1565 997 1617 sla·

193 1639 304 1690 bantur.
340 1637 435 1690 Prima
449 1638 530 1690 nocte'
544 1639 665 1708 aquandi
681 1653 780 1690 caussa
794 1651 875 1690 neruo
887 1634 998 1704 eginoni-

193 1715 240 1760 tur
251 1721 285 1759 ex
295 1708 406 1758 eastris:
426 1709 553 1773 proximo
565 1709 624 1771 die,
647 1706 789 1776 praesidio
801 1709 830 1758 in
841 1707 942 1759 eastris
951 1719 996 1757 re·

163 1779 166 1784 '
193 1778 274 1838 licto,
301 1777 448 1827 uniuersas
460 1777 495 1828 ad
509 1793 609 1846 aquam
620 1779 713 1845 eopias
725 1777 859 1842 educunt3
883 1773 997 1844 pabula·

194 1852 253 1898 tum
265 1847 405 1896 emittitur
414 1860 504 1908 nenio.
541 1847 593 1898 His
603 1863 651 1900 eos
661 1847 803 1914 suppliciis
814 1847 887 1898 male
900 1845 995 1896 baberi

193 1916 297 1966 Caesar
308 1918 337 1966 et
347 1916 531 1968 necessariam
539 1915 819 1979 subirededitionem,
830 1927 995 1985 quasnproe·

192 1983 232 2038 lin
244 1982 399 2048 decertare,
414 1985 547 2038 malebat:
564 1992 784 2040 conatur->tannen
795 2003 844 2038 oos
854 1986 928 2038 rollo
940 1983 996 2036 ioa-

192 2067 279 2121 saque
298 2054 524 2118 circummunire,
555 2061 685 2124 utquam
702 2058 822 2109 maxime
833 2056 996 2122 repentinus

194 2137 292 2178 eorum
312 2124 474 2190 eruptiones
496 2124 671 2192 denroretur3
699 2141 754 2194 que
769 2125 931 2178 necessario
948 2123 995 2175 rie·

193 2208 343 2247 soensuros
358 2193 546 2247 existimabat.
581 2195 638 2259 llll,
661 2202 691 2250 et
700 2196 796 2263 inopia
806 2195 901 2262 pabuli
912 2191 997 2246 addu-

193 2263 245 2327 eti,
264 2269 307 2327 et,
330 2278 385 2330 que
397 2269 493 2315 esseut
503 2265 537 2316 ati
549 2265 577 2317 id
588 2266 790 2334 expeditiores,
806 2262 996 2317 omniasanct-

192 2335 275 2386 naria
285 2332 410 2384 iumento
420 2333 544 2387 interfici
555 2337 660 2389 iubent.

246 2401 384 2456 Lxxxn.
409 2403 442 2454 ln
463 2401 507 2455 his
527 2407 659 2473 operibus
680 2403 859 2472 consiliisque
879 2401 993 2455 biduum

190 2473 377 2526 eonsumitur:
406 2473 491 2526 tertio
506 2474 664 2544 ‹lieniagna
679 2477 734 2528 ianr
745 2489 811 2541 pars
822 2473 915 2539 operis
924 2471 981 2522 Cae
1080 2481 1081 2486 ’

192 2542 265 2594 saris
276 2544 459 2606 processerat.
494 2542 541 2595 llli
555 2545 749 2611 impediendae
759 2545 815 2604 rei,
837 2541 905 2593 bora
916 2541 992 2592 oiroi·

190 2617 237 2662 ter
252 2616 349 2660 octava
365 2609 446 2676 signo
461 2611 542 2674 dato,
569 2612 695 2680 legiones
712 2611 833 2665 educunt
849 2612 992 2676 aciemque

189 2677 243 2730 sub
255 2679 353 2728 castris
363 2678 512 2740 instruunt,
549 2681 651 2734 crem
666 2683 700 2734 ub
716 2696 799 2748 opere
811 2681 995 2749 legionenre·

192 2751 281 2808 rocol,
300 2747 456 2815 equitatum
467 2762 576 2806 omnen
587 2751 736 2806 contenire
746 2751 833 2813 iubet,
847 2751 939 2803 ostieni
950 2748 992 2800 in·
