<?xml version="1.0" encoding="UTF-8"?>
<!DOCTYPE html PUBLIC "-//W3C//DTD XHTML 1.0 Transitional//EN"
    "http://www.w3.org/TR/xhtml1/DTD/xhtml1-transitional.dtd">
<html xmlns="http://www.w3.org/1999/xhtml" xml:lang="en" lang="en">
 <head>
  <title>
</title>
<meta http-equiv="Content-Type" content="text/html;charset=utf-8" />
  <meta name='ocr-system' content='tesseract 3.04.00' />
  <meta name='ocr-capabilities' content='ocr_page ocr_carea ocr_par ocr_line ocrx_word'/>
</head>
<body>
  <div class='ocr_page' id='page_1' title='image "./cjuliicaesarisc05caesgoog_0116.png"; bbox 0 0 2152 3132; ppageno 0'>
   <div class='ocr_carea' id='block_1_1' title="bbox 180 192 793 249">
    <p class='ocr_par' dir='ltr' id='par_1_1' title="bbox 180 192 793 249">
     <span class='ocr_line' id='line_1_1' title="bbox 180 192 793 249; baseline -0.008 0"><span class='ocrx_word' id='word_1_1' title='bbox 180 195 232 249; x_wconf 70' lang='lat'>100</span> <span class='ocrx_word' id='word_1_2' title='bbox 369 192 425 245; x_wconf 83' lang='lat' dir='ltr'>DE</span> <span class='ocrx_word' id='word_1_3' title='bbox 444 193 585 244; x_wconf 84' lang='lat' dir='ltr'>BELLO</span> <span class='ocrx_word' id='word_1_4' title='bbox 606 192 793 244; x_wconf 78' lang='lat' dir='ltr'><strong>GALLICO</strong></span> 
     </span>
    </p>
   </div>
   <div class='ocr_carea' id='block_1_2' title="bbox 168 279 1061 2738">
    <p class='ocr_par' dir='ltr' id='par_1_2' title="bbox 168 279 1061 2443">
     <span class='ocr_line' id='line_1_2' title="bbox 179 279 1061 380; baseline 0.003 -31"><span class='ocrx_word' id='word_1_5' title='bbox 179 298 307 360; x_wconf 80' lang='lat' dir='ltr'>ciculum,</span> <span class='ocrx_word' id='word_1_6' title='bbox 319 307 349 350; x_wconf 83' lang='lat' dir='ltr'>ut</span> <span class='ocrx_word' id='word_1_7' title='bbox 361 306 434 349; x_wconf 88' lang='lat' dir='ltr'>certe</span> <span class='ocrx_word' id='word_1_8' title='bbox 444 296 591 367; x_wconf 78' lang='lat' dir='ltr'>longinquo</span> <span class='ocrx_word' id='word_1_9' title='bbox 602 296 736 349; x_wconf 70' lang='lat' dir='ltr'><em>obsidione</em></span> <span class='ocrx_word' id='word_1_10' title='bbox 742 295 834 370; x_wconf 80' lang='lat' dir='ltr'>somer</span> <span class='ocrx_word' id='word_1_11' title='bbox 845 305 912 350; x_wconf 76' lang='lat' dir='ltr'>croci</span> <span class='ocrx_word' id='word_1_12' title='bbox 920 279 995 367; x_wconf 52' lang='lat' dir='ltr'>peri·</span> <span class='ocrx_word' id='word_1_13' title='bbox 1060 305 1061 380; x_wconf 44' lang='lat' dir='ltr'>p</span> 
     </span>
     <span class='ocr_line' id='line_1_3' title="bbox 180 367 1061 420; baseline -0.009 0"><span class='ocrx_word' id='word_1_14' title='bbox 180 367 351 420; x_wconf 76' lang='lat' dir='ltr'><strong><em>timescenda.</em></strong></span> <span class='ocrx_word' id='word_1_15' title='bbox 1060 383 1061 412; x_wconf 65' lang='lat' dir='ltr'>r</span> 
     </span>
     <span class='ocr_line' id='line_1_4' title="bbox 232 432 1061 504; baseline 0 -15"><span class='ocrx_word' id='word_1_16' title='bbox 232 437 320 490; x_wconf 83' lang='lat' dir='ltr'>XXX.</span> <span class='ocrx_word' id='word_1_17' title='bbox 340 437 400 488; x_wconf 82' lang='lat' dir='ltr'>Hac</span> <span class='ocrx_word' id='word_1_18' title='bbox 411 437 438 486; x_wconf 89' lang='lat' dir='ltr'>in</span> <span class='ocrx_word' id='word_1_19' title='bbox 455 441 602 504; x_wconf 79' lang='lat' dir='ltr'>utromque</span> <span class='ocrx_word' id='word_1_20' title='bbox 618 441 725 502; x_wconf 84' lang='lat' dir='ltr'>partem</span> <span class='ocrx_word' id='word_1_21' title='bbox 739 437 925 503; x_wconf 80' lang='lat' dir='ltr'>disputatione</span> <span class='ocrx_word' id='word_1_22' title='bbox 932 432 994 489; x_wconf 63' lang='lat' dir='ltr'>&#39;ha-</span> <span class='ocrx_word' id='word_1_23' title='bbox 1060 467 1061 502; x_wconf 73' lang='lat'>;</span> 
     </span>
     <span class='ocr_line' id='line_1_5' title="bbox 179 507 992 576; baseline -0.001 -17"><span class='ocrx_word' id='word_1_24' title='bbox 179 509 251 571; x_wconf 81' lang='lat' dir='ltr'>bito,</span> <span class='ocrx_word' id='word_1_25' title='bbox 283 523 368 576; x_wconf 81' lang='lat' dir='ltr'>quum</span> <span class='ocrx_word' id='word_1_26' title='bbox 385 507 495 558; x_wconf 83' lang='lat' dir='ltr'>nCotto</span> <span class='ocrx_word' id='word_1_27' title='bbox 505 507 657 574; x_wconf 77' lang='lat' dir='ltr'>primisque</span> <span class='ocrx_word' id='word_1_28' title='bbox 674 507 816 558; x_wconf 78' lang='lat' dir='ltr'>ordinibus</span> <span class='ocrx_word' id='word_1_29' title='bbox 828 509 932 559; x_wconf 84' lang='lat' dir='ltr'>acriter</span> <span class='ocrx_word' id='word_1_30' title='bbox 944 523 992 558; x_wconf 85' lang='lat' dir='ltr'>re·</span> 
     </span>
     <span class='ocr_line' id='line_1_6' title="bbox 179 573 993 645; baseline -0.002 -17"><span class='ocrx_word' id='word_1_31' title='bbox 179 580 341 640; x_wconf 79' lang='lat' dir='ltr'>sisteretur,</span> <span class='ocrx_word' id='word_1_32' title='bbox 373 573 493 639; x_wconf 83' lang='lat' dir='ltr'>Vincite,</span> <span class='ocrx_word' id='word_1_33' title='bbox 520 578 623 645; x_wconf 90' lang='lat' dir='ltr'>inquit,</span> <span class='ocrx_word' id='word_1_34' title='bbox 644 575 826 639; x_wconf 64' lang='lat' dir='ltr'>simeonitis,</span> <span class='ocrx_word' id='word_1_35' title='bbox 858 576 993 640; x_wconf 78' lang='lat' dir='ltr'>Sabinus,</span> 
     </span>
     <span class='ocr_line' id='line_1_7' title="bbox 180 647 992 714; baseline -0.005 -14"><span class='ocrx_word' id='word_1_36' title='bbox 180 657 210 700; x_wconf 83' lang='lat' dir='ltr'>et</span> <span class='ocrx_word' id='word_1_37' title='bbox 222 648 381 706; x_wconf 72' lang='lat' dir='ltr'>idoloriore</span> <span class='ocrx_word' id='word_1_38' title='bbox 397 659 476 710; x_wconf 85' lang='lat' dir='ltr'>voce,</span> <span class='ocrx_word' id='word_1_39' title='bbox 507 652 539 698; x_wconf 91' lang='lat' dir='ltr'>ut</span> <span class='ocrx_word' id='word_1_40' title='bbox 551 661 651 714; x_wconf 83' lang='lat' dir='ltr'>magon</span> <span class='ocrx_word' id='word_1_41' title='bbox 667 660 730 713; x_wconf 82' lang='lat' dir='ltr'>pers</span> <span class='ocrx_word' id='word_1_42' title='bbox 742 647 860 714; x_wconf 88' lang='lat' dir='ltr'>militum</span> <span class='ocrx_word' id='word_1_43' title='bbox 873 647 992 700; x_wconf 79' lang='lat' dir='ltr'>exaudi·</span> 
     </span>
     <span class='ocr_line' id='line_1_8' title="bbox 179 715 993 786; baseline -0.001 -16"><span class='ocrx_word' id='word_1_44' title='bbox 179 723 238 771; x_wconf 82' lang='lat' dir='ltr'>ret:</span> <span class='ocrx_word' id='word_1_45' title='bbox 270 715 473 786; x_wconf 77' lang='lat' dir='ltr'>ncqroeirenm,</span> <span class='ocrx_word' id='word_1_46' title='bbox 504 719 607 784; x_wconf 89' lang='lat' dir='ltr'>inquit,</span> <span class='ocrx_word' id='word_1_47' title='bbox 638 715 853 784; x_wconf 80' lang='lat' dir='ltr'>qoigraoiroime</span> <span class='ocrx_word' id='word_1_48' title='bbox 869 715 993 770; x_wconf 72' lang='lat' dir='ltr'>cxooiie</span> 
     </span>
     <span class='ocr_line' id='line_1_9' title="bbox 180 785 995 855; baseline -0.005 -15"><span class='ocrx_word' id='word_1_49' title='bbox 180 787 277 841; x_wconf 77' lang='lat' dir='ltr'>mortis</span> <span class='ocrx_word' id='word_1_50' title='bbox 285 786 407 854; x_wconf 84' lang='lat' dir='ltr'>pericnio</span> <span class='ocrx_word' id='word_1_51' title='bbox 418 794 540 837; x_wconf 82' lang='lat' dir='ltr'>ierreor:</span> <span class='ocrx_word' id='word_1_52' title='bbox 563 787 591 838; x_wconf 82' lang='lat' dir='ltr'>ii</span> <span class='ocrx_word' id='word_1_53' title='bbox 601 786 707 852; x_wconf 78' lang='lat' dir='ltr'>repient</span> <span class='ocrx_word' id='word_1_54' title='bbox 718 795 754 849; x_wconf 86' lang='lat' dir='ltr'>ct,</span> <span class='ocrx_word' id='word_1_55' title='bbox 766 786 790 837; x_wconf 81' lang='lat' dir='ltr'>oi</span> <span class='ocrx_word' id='word_1_56' title='bbox 797 785 912 855; x_wconf 80' lang='lat' dir='ltr'>grauior</span> <span class='ocrx_word' id='word_1_57' title='bbox 923 785 995 852; x_wconf 78' lang='lat' dir='ltr'>qnid</span> 
     </span>
     <span class='ocr_line' id='line_1_10' title="bbox 181 855 993 924; baseline -0.005 -14"><span class='ocrx_word' id='word_1_58' title='bbox 181 857 325 920; x_wconf 77' lang='lat' dir='ltr'>occiderit,</span> <span class='ocrx_word' id='word_1_59' title='bbox 352 855 398 906; x_wconf 76' lang='lat' dir='ltr'>obe</span> <span class='ocrx_word' id='word_1_60' title='bbox 411 855 745 922; x_wconf 83' lang='lat' dir='ltr'>terotioncmrcporccnt:</span> <span class='ocrx_word' id='word_1_61' title='bbox 777 856 837 922; x_wconf 81' lang='lat' dir='ltr'>qni,</span> <span class='ocrx_word' id='word_1_62' title='bbox 867 856 891 908; x_wconf 82' lang='lat' dir='ltr'>oi</span> <span class='ocrx_word' id='word_1_63' title='bbox 899 864 993 924; x_wconf 73' lang='lat' dir='ltr'>perte</span> 
     </span>
     <span class='ocr_line' id='line_1_11' title="bbox 181 923 993 993; baseline -0.005 -14"><span class='ocrx_word' id='word_1_64' title='bbox 181 928 273 989; x_wconf 82' lang='lat' dir='ltr'>licent,</span> <span class='ocrx_word' id='word_1_65' title='bbox 291 925 437 993; x_wconf 77' lang='lat' dir='ltr'>perendino</span> <span class='ocrx_word' id='word_1_66' title='bbox 449 924 491 976; x_wconf 85' lang='lat' dir='ltr'>dic</span> <span class='ocrx_word' id='word_1_67' title='bbox 501 941 561 974; x_wconf 88' lang='lat' dir='ltr'>cnm</span> <span class='ocrx_word' id='word_1_68' title='bbox 569 924 701 990; x_wconf 72' lang='lat' dir='ltr'>proximis</span> <span class='ocrx_word' id='word_1_69' title='bbox 712 923 830 977; x_wconf 71' lang='lat' dir='ltr'>hibernis</span> <span class='ocrx_word' id='word_1_70' title='bbox 841 924 993 988; x_wconf 83' lang='lat' dir='ltr'>coniuncti,</span> 
     </span>
     <span class='ocr_line' id='line_1_12' title="bbox 181 993 994 1058; baseline -0.005 -9"><span class='ocrx_word' id='word_1_71' title='bbox 181 1011 346 1049; x_wconf 84' lang='lat' dir='ltr'>communem</span> <span class='ocrx_word' id='word_1_72' title='bbox 357 1011 416 1044; x_wconf 85' lang='lat' dir='ltr'>curn</span> <span class='ocrx_word' id='word_1_73' title='bbox 428 993 539 1058; x_wconf 76' lang='lat' dir='ltr'>reliquie</span> <span class='ocrx_word' id='word_1_74' title='bbox 550 993 611 1045; x_wconf 80' lang='lat' dir='ltr'>beili</span> <span class='ocrx_word' id='word_1_75' title='bbox 621 993 880 1058; x_wconf 83' lang='lat' dir='ltr'>coromrnotincont‚</span> <span class='ocrx_word' id='word_1_76' title='bbox 891 1012 940 1046; x_wconf 84' lang='lat' dir='ltr'>nec</span> <span class='ocrx_word' id='word_1_77' title='bbox 949 1011 994 1045; x_wconf 89' lang='lat' dir='ltr'>rc·</span> 
     </span>
     <span class='ocr_line' id='line_1_13' title="bbox 181 1062 993 1136; baseline 0.001 -20"><span class='ocrx_word' id='word_1_78' title='bbox 181 1064 248 1116; x_wconf 85' lang='lat' dir='ltr'>iecti</span> <span class='ocrx_word' id='word_1_79' title='bbox 258 1073 284 1115; x_wconf 86' lang='lat' dir='ltr'>et</span> <span class='ocrx_word' id='word_1_80' title='bbox 294 1063 411 1134; x_wconf 78' lang='lat' dir='ltr'>relegati</span> <span class='ocrx_word' id='word_1_81' title='bbox 421 1065 498 1131; x_wconf 83' lang='lat' dir='ltr'>longe</span> <span class='ocrx_word' id='word_1_82' title='bbox 507 1063 541 1114; x_wconf 79' lang='lat' dir='ltr'>ob</span> <span class='ocrx_word' id='word_1_83' title='bbox 552 1062 648 1114; x_wconf 80' lang='lat' dir='ltr'>cctcrir</span> <span class='ocrx_word' id='word_1_84' title='bbox 660 1063 797 1135; x_wconf 87' lang='lat' dir='ltr'>ootfcrro</span> <span class='ocrx_word' id='word_1_85' title='bbox 807 1063 993 1136; x_wconf 79' lang='lat' dir='ltr'>outfnnrcin-</span> 
     </span>
     <span class='ocr_line' id='line_1_14' title="bbox 183 1140 323 1186; baseline -0.014 0"><span class='ocrx_word' id='word_1_86' title='bbox 183 1140 299 1186; x_wconf 81' lang='lat' dir='ltr'>tererent.</span> <span class='ocrx_word' id='word_1_87' title='bbox 322 1157 323 1161; x_wconf 44' lang='lat'>¹</span> 
     </span>
     <span class='ocr_line' id='line_1_15' title="bbox 236 1201 993 1269; baseline 0 -15"><span class='ocrx_word' id='word_1_88' title='bbox 236 1203 338 1254; x_wconf 80' lang='lat' dir='ltr'>xxxi.</span> <span class='ocrx_word' id='word_1_89' title='bbox 359 1201 541 1268; x_wconf 80' lang='lat' dir='ltr'>Consurgitur</span> <span class='ocrx_word' id='word_1_90' title='bbox 552 1217 586 1254; x_wconf 83' lang='lat' dir='ltr'>ex</span> <span class='ocrx_word' id='word_1_91' title='bbox 597 1203 728 1265; x_wconf 80' lang='lat' dir='ltr'>oonsili03</span> <span class='ocrx_word' id='word_1_92' title='bbox 750 1201 993 1269; x_wconf 69' lang='lat' dir='ltr'>comprehendunt</span> 
     </span>
     <span class='ocr_line' id='line_1_16' title="bbox 183 1271 993 1340; baseline 0.001 -16"><span class='ocrx_word' id='word_1_93' title='bbox 183 1280 333 1340; x_wconf 87' lang='lat' dir='ltr'>utrumque</span> <span class='ocrx_word' id='word_1_94' title='bbox 350 1279 379 1324; x_wconf 89' lang='lat' dir='ltr'>et</span> <span class='ocrx_word' id='word_1_95' title='bbox 394 1277 488 1332; x_wconf 83' lang='lat' dir='ltr'>oront,</span> <span class='ocrx_word' id='word_1_96' title='bbox 517 1290 550 1324; x_wconf 91' lang='lat' dir='ltr'>nc</span> <span class='ocrx_word' id='word_1_97' title='bbox 563 1289 613 1324; x_wconf 80' lang='lat' dir='ltr'>roo</span> <span class='ocrx_word' id='word_1_98' title='bbox 630 1272 790 1325; x_wconf 73' lang='lat' dir='ltr'>dimensione</span> <span class='ocrx_word' id='word_1_99' title='bbox 799 1283 826 1325; x_wconf 87' lang='lat' dir='ltr'>ct</span> <span class='ocrx_word' id='word_1_100' title='bbox 835 1271 993 1340; x_wconf 79' lang='lat' dir='ltr'>pertinacia</span> 
     </span>
     <span class='ocr_line' id='line_1_17' title="bbox 183 1341 1061 1417; baseline -0.005 -20"><span class='ocrx_word' id='word_1_101' title='bbox 183 1360 241 1397; x_wconf 87' lang='lat' dir='ltr'>rem</span> <span class='ocrx_word' id='word_1_102' title='bbox 251 1343 279 1396; x_wconf 87' lang='lat' dir='ltr'>in</span> <span class='ocrx_word' id='word_1_103' title='bbox 290 1357 419 1413; x_wconf 80' lang='lat' dir='ltr'>rumorum</span> <span class='ocrx_word' id='word_1_104' title='bbox 425 1341 578 1408; x_wconf 66' lang='lat' dir='ltr'>pkricuium</span> <span class='ocrx_word' id='word_1_105' title='bbox 584 1343 729 1396; x_wconf 83' lang='lat' dir='ltr'>deducant:</span> <span class='ocrx_word' id='word_1_106' title='bbox 734 1341 851 1417; x_wconf 80' lang='lat' dir='ltr'>facilem</span> <span class='ocrx_word' id='word_1_107' title='bbox 862 1358 916 1394; x_wconf 81' lang='lat' dir='ltr'>croc</span> <span class='ocrx_word' id='word_1_108' title='bbox 924 1359 991 1406; x_wconf 85' lang='lat' dir='ltr'>rem,</span> <span class='ocrx_word' id='word_1_109' title='bbox 1060 1397 1061 1400; x_wconf 49' lang='lat'>,</span> 
     </span>
     <span class='ocr_line' id='line_1_18' title="bbox 183 1411 990 1482; baseline -0.002 -16"><span class='ocrx_word' id='word_1_110' title='bbox 183 1431 230 1466; x_wconf 78' lang='lat' dir='ltr'>ten</span> <span class='ocrx_word' id='word_1_111' title='bbox 240 1420 377 1476; x_wconf 83' lang='lat' dir='ltr'>nroncnnt,</span> <span class='ocrx_word' id='word_1_112' title='bbox 398 1429 444 1463; x_wconf 81' lang='lat' dir='ltr'>oco</span> <span class='ocrx_word' id='word_1_113' title='bbox 450 1411 670 1482; x_wconf 74' lang='lat' dir='ltr'>proficiscentur,</span> <span class='ocrx_word' id='word_1_114' title='bbox 690 1412 715 1464; x_wconf 86' lang='lat' dir='ltr'>oi</span> <span class='ocrx_word' id='word_1_115' title='bbox 725 1413 799 1465; x_wconf 80' lang='lat' dir='ltr'>modo</span> <span class='ocrx_word' id='word_1_116' title='bbox 811 1429 893 1465; x_wconf 75' lang='lat' dir='ltr'>cenom</span> <span class='ocrx_word' id='word_1_117' title='bbox 903 1429 990 1465; x_wconf 71' lang='lat' dir='ltr'>onmes</span> 
     </span>
     <span class='ocr_line' id='line_1_19' title="bbox 183 1481 1061 1550; baseline -0.001 -13"><span class='ocrx_word' id='word_1_118' title='bbox 183 1483 307 1537; x_wconf 69' lang='lat' dir='ltr'>sentiunt</span> <span class='ocrx_word' id='word_1_119' title='bbox 321 1500 354 1535; x_wconf 88' lang='lat' dir='ltr'>oc</span> <span class='ocrx_word' id='word_1_120' title='bbox 367 1481 484 1550; x_wconf 85' lang='lat' dir='ltr'>probent</span> <span class='ocrx_word' id='word_1_121' title='bbox 489 1499 501 1544; x_wconf 87' lang='lat'>,·</span> <span class='ocrx_word' id='word_1_122' title='bbox 531 1493 625 1535; x_wconf 86' lang='lat' dir='ltr'>contro</span> <span class='ocrx_word' id='word_1_123' title='bbox 641 1483 670 1536; x_wconf 90' lang='lat' dir='ltr'>in</span> <span class='ocrx_word' id='word_1_124' title='bbox 681 1483 840 1536; x_wconf 71' lang='lat' dir='ltr'>dissensione</span> <span class='ocrx_word' id='word_1_125' title='bbox 851 1485 953 1535; x_wconf 74' lang='lat' dir='ltr'>nullom</span> <span class='ocrx_word' id='word_1_126' title='bbox 963 1498 990 1536; x_wconf 75' lang='lat' dir='ltr'>ee</span> <span class='ocrx_word' id='word_1_127' title='bbox 1060 1481 1061 1548; x_wconf 52' lang='lat' dir='ltr'>i</span> 
     </span>
     <span class='ocr_line' id='line_1_20' title="bbox 183 1551 991 1620; baseline -0.006 -13"><span class='ocrx_word' id='word_1_128' title='bbox 183 1556 298 1607; x_wconf 81' lang='lat' dir='ltr'>salutem</span> <span class='ocrx_word' id='word_1_129' title='bbox 305 1551 469 1620; x_wconf 75' lang='lat' dir='ltr'>perspicere.</span> <span class='ocrx_word' id='word_1_130' title='bbox 504 1553 557 1604; x_wconf 73' lang='lat' dir='ltr'>Res</span> <span class='ocrx_word' id='word_1_131' title='bbox 570 1553 756 1620; x_wconf 83' lang='lat' dir='ltr'>disputatione</span> <span class='ocrx_word' id='word_1_132' title='bbox 767 1553 802 1604; x_wconf 82' lang='lat' dir='ltr'>ud</span> <span class='ocrx_word' id='word_1_133' title='bbox 813 1553 930 1605; x_wconf 82' lang='lat' dir='ltr'>mediam</span> <span class='ocrx_word' id='word_1_134' title='bbox 942 1568 991 1603; x_wconf 87' lang='lat' dir='ltr'>uo·</span> 
     </span>
     <span class='ocr_line' id='line_1_21' title="bbox 185 1623 1061 1692; baseline -0.001 -17"><span class='ocrx_word' id='word_1_135' title='bbox 185 1631 257 1676; x_wconf 83' lang='lat' dir='ltr'>rtem</span> <span class='ocrx_word' id='word_1_136' title='bbox 274 1623 444 1690; x_wconf 87' lang='lat' dir='ltr'>perducitur.</span> <span class='ocrx_word' id='word_1_137' title='bbox 478 1623 605 1674; x_wconf 84' lang='lat' dir='ltr'>Tandem</span> <span class='ocrx_word' id='word_1_138' title='bbox 623 1625 671 1675; x_wconf 87' lang='lat' dir='ltr'>dat</span> <span class='ocrx_word' id='word_1_139' title='bbox 686 1625 768 1675; x_wconf 83' lang='lat' dir='ltr'>Cotta</span> <span class='ocrx_word' id='word_1_140' title='bbox 783 1629 923 1689; x_wconf 86' lang='lat' dir='ltr'>permotus</span> <span class='ocrx_word' id='word_1_141' title='bbox 934 1638 989 1674; x_wconf 82' lang='lat' dir='ltr'>rnu-</span> <span class='ocrx_word' id='word_1_142' title='bbox 1009 1665 1015 1692; x_wconf 81' lang='lat'>,</span> <span class='ocrx_word' id='word_1_143' title='bbox 1060 1631 1061 1644; x_wconf 63' lang='lat'>³</span> 
     </span>
     <span class='ocr_line' id='line_1_22' title="bbox 184 1692 991 1762; baseline -0.004 -17"><span class='ocrx_word' id='word_1_144' title='bbox 184 1710 252 1758; x_wconf 77' lang='lat' dir='ltr'>nue3</span> <span class='ocrx_word' id='word_1_145' title='bbox 269 1697 384 1759; x_wconf 81' lang='lat' dir='ltr'>superat</span> <span class='ocrx_word' id='word_1_146' title='bbox 394 1694 532 1743; x_wconf 80' lang='lat' dir='ltr'>sententia</span> <span class='ocrx_word' id='word_1_147' title='bbox 544 1692 645 1744; x_wconf 87' lang='lat' dir='ltr'>Sabini.</span> <span class='ocrx_word' id='word_1_148' title='bbox 679 1693 886 1756; x_wconf 75' lang='lat' dir='ltr'>Pronuntiatur,</span> <span class='ocrx_word' id='word_1_149' title='bbox 900 1693 991 1762; x_wconf 79' lang='lat' dir='ltr'>primo¹</span> 
     </span>
     <span class='ocr_line' id='line_1_23' title="bbox 185 1763 988 1831; baseline -0.004 -16"><span class='ocrx_word' id='word_1_150' title='bbox 185 1764 248 1815; x_wconf 83' lang='lat' dir='ltr'>tuce</span> <span class='ocrx_word' id='word_1_151' title='bbox 260 1764 361 1812; x_wconf 83' lang='lat' dir='ltr'>ituros:</span> <span class='ocrx_word' id='word_1_152' title='bbox 396 1764 570 1814; x_wconf 82' lang='lat' dir='ltr'>consumitur</span> <span class='ocrx_word' id='word_1_153' title='bbox 581 1763 683 1829; x_wconf 80' lang='lat' dir='ltr'>vigiliis</span> <span class='ocrx_word' id='word_1_154' title='bbox 694 1763 802 1831; x_wconf 83' lang='lat' dir='ltr'>reliqua</span> <span class='ocrx_word' id='word_1_155' title='bbox 814 1778 879 1830; x_wconf 82' lang='lat' dir='ltr'>pars</span> <span class='ocrx_word' id='word_1_156' title='bbox 891 1764 988 1826; x_wconf 82' lang='lat' dir='ltr'>noctis,</span> 
     </span>
     <span class='ocr_line' id='line_1_24' title="bbox 185 1832 988 1901; baseline 0.002 -19"><span class='ocrx_word' id='word_1_157' title='bbox 185 1847 270 1900; x_wconf 82' lang='lat' dir='ltr'>quum</span> <span class='ocrx_word' id='word_1_158' title='bbox 282 1847 333 1882; x_wconf 80' lang='lat' dir='ltr'>sua</span> <span class='ocrx_word' id='word_1_159' title='bbox 345 1833 460 1898; x_wconf 86' lang='lat' dir='ltr'>quisque</span> <span class='ocrx_word' id='word_1_160' title='bbox 472 1832 552 1883; x_wconf 87' lang='lat' dir='ltr'>miles</span> <span class='ocrx_word' id='word_1_161' title='bbox 564 1834 797 1900; x_wconf 84' lang='lat' dir='ltr'>circumspiceret,</span> <span class='ocrx_word' id='word_1_162' title='bbox 819 1833 884 1901; x_wconf 85' lang='lat' dir='ltr'>quid</span> <span class='ocrx_word' id='word_1_163' title='bbox 896 1849 988 1884; x_wconf 88' lang='lat' dir='ltr'>seeum</span> 
     </span>
     <span class='ocr_line' id='line_1_25' title="bbox 204 1901 989 1968; baseline 0.004 -16"><span class='ocrx_word' id='word_1_164' title='bbox 204 1906 299 1953; x_wconf 79' lang='lat' dir='ltr'>oriere</span> <span class='ocrx_word' id='word_1_165' title='bbox 311 1907 418 1966; x_wconf 82' lang='lat' dir='ltr'>posset,</span> <span class='ocrx_word' id='word_1_166' title='bbox 439 1901 505 1968; x_wconf 91' lang='lat' dir='ltr'>quid</span> <span class='ocrx_word' id='word_1_167' title='bbox 517 1917 550 1953; x_wconf 82' lang='lat' dir='ltr'>ex</span> <span class='ocrx_word' id='word_1_168' title='bbox 561 1904 747 1954; x_wconf 78' lang='lat' dir='ltr'>instrumento</span> <span class='ocrx_word' id='word_1_169' title='bbox 759 1901 935 1955; x_wconf 88' lang='lat' dir='ltr'>hibernorum</span> <span class='ocrx_word' id='word_1_170' title='bbox 947 1918 989 1955; x_wconf 88' lang='lat' dir='ltr'>re·</span> 
     </span>
     <span class='ocr_line' id='line_1_26' title="bbox 182 1917 988 2041; baseline 0.001 -18"><span class='ocrx_word' id='word_1_171' title='bbox 182 1917 312 2038; x_wconf 55' lang='lat' dir='ltr'>{inquere</span> <span class='ocrx_word' id='word_1_172' title='bbox 324 1976 476 2038; x_wconf 84' lang='lat' dir='ltr'>cogeretur.</span> <span class='ocrx_word' id='word_1_173' title='bbox 510 1971 609 2023; x_wconf 80' lang='lat' dir='ltr'>Omnia</span> <span class='ocrx_word' id='word_1_174' title='bbox 619 1974 822 2040; x_wconf 83' lang='lat' dir='ltr'>excogitantur,</span> <span class='ocrx_word' id='word_1_175' title='bbox 839 1989 924 2041; x_wconf 83' lang='lat' dir='ltr'>quare</span> <span class='ocrx_word' id='word_1_176' title='bbox 938 1989 988 2026; x_wconf 86' lang='lat' dir='ltr'>neo</span> 
     </span>
     <span class='ocr_line' id='line_1_27' title="bbox 168 2039 1061 2110; baseline 0.001 -19"><span class='ocrx_word' id='word_1_177' title='bbox 168 2053 170 2060; x_wconf 79' lang='grc'><em>’</em></span> <span class='ocrx_word' id='word_1_178' title='bbox 184 2042 245 2093; x_wconf 81' lang='lat' dir='ltr'>eine</span> <span class='ocrx_word' id='word_1_179' title='bbox 257 2039 379 2108; x_wconf 89' lang='lat' dir='ltr'>periculo</span> <span class='ocrx_word' id='word_1_180' title='bbox 392 2047 546 2105; x_wconf 86' lang='lat' dir='ltr'>maneatur,</span> <span class='ocrx_word' id='word_1_181' title='bbox 568 2049 597 2093; x_wconf 85' lang='lat' dir='ltr'>et</span> <span class='ocrx_word' id='word_1_182' title='bbox 608 2042 742 2110; x_wconf 72' lang='lat' dir='ltr'>languore</span> <span class='ocrx_word' id='word_1_183' title='bbox 754 2043 871 2093; x_wconf 89' lang='lat' dir='ltr'>militum</span> <span class='ocrx_word' id='word_1_184' title='bbox 885 2049 913 2096; x_wconf 87' lang='lat' dir='ltr'>et</span> <span class='ocrx_word' id='word_1_185' title='bbox 923 2045 987 2110; x_wconf 81' lang='lat' dir='ltr'>vigi·</span> <span class='ocrx_word' id='word_1_186' title='bbox 1060 2093 1061 2106; x_wconf 48' lang='lat'>,</span> 
     </span>
     <span class='ocr_line' id='line_1_28' title="bbox 183 2109 986 2180; baseline 0 -16"><span class='ocrx_word' id='word_1_187' title='bbox 183 2111 230 2164; x_wconf 83' lang='lat' dir='ltr'>liis</span> <span class='ocrx_word' id='word_1_188' title='bbox 244 2109 399 2180; x_wconf 87' lang='lat' dir='ltr'>periculum</span> <span class='ocrx_word' id='word_1_189' title='bbox 415 2117 560 2178; x_wconf 82' lang='lat' dir='ltr'>nugentur.</span> <span class='ocrx_word' id='word_1_190' title='bbox 597 2111 690 2162; x_wconf 85' lang='lat' dir='ltr'>Pm&#39;mu</span> <span class='ocrx_word' id='word_1_191' title='bbox 705 2113 767 2164; x_wconf 87' lang='lat' dir='ltr'>luce</span> <span class='ocrx_word' id='word_1_192' title='bbox 783 2114 823 2164; x_wconf 83' lang='lat' dir='ltr'>eie</span> <span class='ocrx_word' id='word_1_193' title='bbox 839 2127 874 2165; x_wconf 82' lang='lat' dir='ltr'>ex</span> <span class='ocrx_word' id='word_1_194' title='bbox 891 2114 986 2166; x_wconf 81' lang='lat' dir='ltr'>castris</span> 
     </span>
     <span class='ocr_line' id='line_1_29' title="bbox 184 2183 985 2252; baseline 0.001 -19"><span class='ocrx_word' id='word_1_195' title='bbox 184 2184 413 2252; x_wconf 84' lang='lat' dir='ltr'>proficiscuntur,</span> <span class='ocrx_word' id='word_1_196' title='bbox 445 2188 477 2231; x_wconf 91' lang='lat' dir='ltr'>ut</span> <span class='ocrx_word' id='word_1_197' title='bbox 489 2183 587 2248; x_wconf 84' lang='lat' dir='ltr'>quibus</span> <span class='ocrx_word' id='word_1_198' title='bbox 599 2189 673 2234; x_wconf 87' lang='lat' dir='ltr'>osset</span> <span class='ocrx_word' id='word_1_199' title='bbox 685 2198 861 2249; x_wconf 84' lang='lat' dir='ltr'>persuasum,</span> <span class='ocrx_word' id='word_1_200' title='bbox 887 2199 940 2234; x_wconf 91' lang='lat' dir='ltr'>non</span> <span class='ocrx_word' id='word_1_201' title='bbox 952 2183 985 2242; x_wconf 73' lang='lat' dir='ltr'>ab</span> 
     </span>
     <span class='ocr_line' id='line_1_30' title="bbox 184 2248 986 2320; baseline -0.001 -15"><span class='ocrx_word' id='word_1_202' title='bbox 184 2253 279 2312; x_wconf 82' lang='lat' dir='ltr'>hoste,</span> <span class='ocrx_word' id='word_1_203' title='bbox 310 2251 358 2302; x_wconf 85' lang='lat' dir='ltr'>scd</span> <span class='ocrx_word' id='word_1_204' title='bbox 375 2250 409 2302; x_wconf 88' lang='lat' dir='ltr'>nb</span> <span class='ocrx_word' id='word_1_205' title='bbox 426 2248 536 2304; x_wconf 89' lang='lat' dir='ltr'>homine</span> <span class='ocrx_word' id='word_1_206' title='bbox 548 2255 716 2304; x_wconf 80' lang='lat' dir='ltr'>amicissimo</span> <span class='ocrx_word' id='word_1_207' title='bbox 732 2253 890 2320; x_wconf 81' lang='lat' dir='ltr'>Ambiorige</span> <span class='ocrx_word' id='word_1_208' title='bbox 902 2255 986 2304; x_wconf 86' lang='lat' dir='ltr'>eonsi-</span> 
     </span>
     <span class='ocr_line' id='line_1_31' title="bbox 184 2320 988 2392; baseline 0.007 -20"><span class='ocrx_word' id='word_1_209' title='bbox 184 2322 254 2373; x_wconf 89' lang='lat' dir='ltr'>lium</span> <span class='ocrx_word' id='word_1_210' title='bbox 271 2321 379 2384; x_wconf 84' lang='lat' dir='ltr'>dntum,</span> <span class='ocrx_word' id='word_1_211' title='bbox 411 2320 573 2390; x_wconf 82' lang='lat' dir='ltr'>longissimo</span> <span class='ocrx_word' id='word_1_212' title='bbox 589 2325 698 2391; x_wconf 80' lang='lat' dir='ltr'>agmine</span> <span class='ocrx_word' id='word_1_213' title='bbox 713 2324 894 2392; x_wconf 80' lang='lat' dir='ltr'>maximisque</span> <span class='ocrx_word' id='word_1_214' title='bbox 902 2325 988 2391; x_wconf 79' lang='lat' dir='ltr'>&#39;impe-</span> 
     </span>
     <span class='ocr_line' id='line_1_32' title="bbox 185 2392 325 2443; baseline -0.014 0"><span class='ocrx_word' id='word_1_215' title='bbox 185 2392 325 2443; x_wconf 81' lang='lat' dir='ltr'>dimentis.</span> 
     </span>
    </p>

    <p class='ocr_par' dir='ltr' id='par_1_3' title="bbox 185 2458 987 2738">
     <span class='ocr_line' id='line_1_33' title="bbox 240 2458 985 2530; baseline 0.005 -18"><span class='ocrx_word' id='word_1_216' title='bbox 240 2461 355 2512; x_wconf 79' lang='lat' dir='ltr'>xxxii.</span> <span class='ocrx_word' id='word_1_217' title='bbox 375 2463 411 2513; x_wconf 81' lang='lat' dir='ltr'>m</span> <span class='ocrx_word' id='word_1_218' title='bbox 421 2458 529 2525; x_wconf 80' lang='lat' dir='ltr'>hostes,</span> <span class='ocrx_word' id='word_1_219' title='bbox 551 2467 730 2530; x_wconf 84' lang='lat' dir='ltr'>posteaquam</span> <span class='ocrx_word' id='word_1_220' title='bbox 743 2477 778 2514; x_wconf 85' lang='lat' dir='ltr'>cx</span> <span class='ocrx_word' id='word_1_221' title='bbox 788 2468 924 2514; x_wconf 89' lang='lat' dir='ltr'>nocturno</span> <span class='ocrx_word' id='word_1_222' title='bbox 936 2461 985 2516; x_wconf 84' lang='lat' dir='ltr'>ire·</span> 
     </span>
     <span class='ocr_line' id='line_1_34' title="bbox 185 2531 984 2599; baseline 0.003 -17"><span class='ocrx_word' id='word_1_223' title='bbox 185 2531 257 2582; x_wconf 89' lang='lat' dir='ltr'>mitu</span> <span class='ocrx_word' id='word_1_224' title='bbox 268 2531 423 2599; x_wconf 79' lang='lat' dir='ltr'>vigiliisque</span> <span class='ocrx_word' id='word_1_225' title='bbox 436 2531 469 2582; x_wconf 89' lang='lat' dir='ltr'>de</span> <span class='ocrx_word' id='word_1_226' title='bbox 481 2531 654 2599; x_wconf 81' lang='lat' dir='ltr'>profectione</span> <span class='ocrx_word' id='word_1_227' title='bbox 666 2537 923 2595; x_wconf 82' lang='lat' dir='ltr'>eorumsenscrunt,</span> <span class='ocrx_word' id='word_1_228' title='bbox 934 2533 984 2584; x_wconf 91' lang='lat' dir='ltr'>col·</span> 
     </span>
     <span class='ocr_line' id='line_1_35' title="bbox 185 2599 987 2670; baseline 0.004 -19"><span class='ocrx_word' id='word_1_229' title='bbox 185 2599 286 2652; x_wconf 80' lang='lat' dir='ltr'>lucetis</span> <span class='ocrx_word' id='word_1_230' title='bbox 297 2601 405 2651; x_wconf 80' lang='lat' dir='ltr'>insidiis</span> <span class='ocrx_word' id='word_1_231' title='bbox 417 2599 550 2668; x_wconf 81' lang='lat' dir='ltr'>bipertito</span> <span class='ocrx_word' id='word_1_232' title='bbox 563 2604 589 2651; x_wconf 90' lang='lat' dir='ltr'>in</span> <span class='ocrx_word' id='word_1_233' title='bbox 603 2602 677 2653; x_wconf 82' lang='lat' dir='ltr'>silvis</span> <span class='ocrx_word' id='word_1_234' title='bbox 690 2607 845 2669; x_wconf 86' lang='lat' dir='ltr'>opportuno</span> <span class='ocrx_word' id='word_1_235' title='bbox 857 2607 987 2670; x_wconf 82' lang='lat' dir='ltr'>atqueoc·</span> 
     </span>
     <span class='ocr_line' id='line_1_36' title="bbox 186 2669 984 2738; baseline 0 -15"><span class='ocrx_word' id='word_1_236' title='bbox 186 2669 263 2723; x_wconf 84' lang='lat' dir='ltr'>culto</span> <span class='ocrx_word' id='word_1_237' title='bbox 275 2669 352 2733; x_wconf 87' lang='lat' dir='ltr'>loeo,</span> <span class='ocrx_word' id='word_1_238' title='bbox 379 2671 518 2722; x_wconf 78' lang='lat' dir='ltr'>nrrriiibus</span> <span class='ocrx_word' id='word_1_239' title='bbox 530 2687 659 2738; x_wconf 82' lang='lat' dir='ltr'>passuum</span> <span class='ocrx_word' id='word_1_240' title='bbox 672 2673 914 2734; x_wconf 76' lang='lat' dir='ltr'>circiteoduobus,</span> <span class='ocrx_word' id='word_1_241' title='bbox 935 2672 984 2723; x_wconf 83' lang='lat' dir='ltr'>Ro·</span> 
     </span>
    </p>
   </div>
   <div class='ocr_carea' id='block_1_3' title="bbox 185 2739 996 2814">
    <p class='ocr_par' dir='ltr' id='par_1_4' title="bbox 185 2739 996 2814">
     <span class='ocr_line' id='line_1_37' title="bbox 185 2739 996 2814; baseline 0.004 -24"><span class='ocrx_word' id='word_1_242' title='bbox 185 2751 332 2790; x_wconf 82' lang='lat' dir='ltr'>manorum</span> <span class='ocrx_word' id='word_1_243' title='bbox 345 2739 493 2793; x_wconf 78' lang='lat' dir='ltr'>adrentum</span> <span class='ocrx_word' id='word_1_244' title='bbox 506 2744 714 2810; x_wconf 82' lang='lat' dir='ltr'>exspectabant:</span> <span class='ocrx_word' id='word_1_245' title='bbox 738 2747 774 2806; x_wconf 89' lang='lat' dir='ltr'>et,</span> <span class='ocrx_word' id='word_1_246' title='bbox 795 2757 878 2814; x_wconf 87' lang='lat' dir='ltr'>quum</span> <span class='ocrx_word' id='word_1_247' title='bbox 891 2755 921 2794; x_wconf 80' lang='lat' dir='ltr'>re</span> <span class='ocrx_word' id='word_1_248' title='bbox 932 2748 996 2793; x_wconf 73' lang='lat' dir='ltr'>ure·v</span> 
     </span>
    </p>
   </div>
   <div class='ocr_carea' id='block_1_4' title="bbox 0 0 1086 3132">
    <p class='ocr_par' dir='ltr' id='par_1_5' title="bbox 0 0 1086 3132">
     <span class='ocr_line' id='line_1_38' title="bbox 0 0 1086 3132; baseline 0 0"><span class='ocrx_word' id='word_1_249' title='bbox 0 0 1086 3132; x_wconf 95' lang='lat' dir='ltr'> </span> 
     </span>
    </p>
   </div>
  </div>
 </body>
</html>
