2152 3144
285 144 654 198 ALEXANDRlNO.
820 146 872 198 309

75 249 200 300 Salonam
213 263 242 300 se
253 249 433 314 recipiensin
449 248 586 314 oppidum.
596 248 781 311 maritimum,
799 250 872 316 quod

74 321 143 372 eires
156 320 273 370 Romani
285 317 430 368 fortissimi
445 317 652 384 fidelissimique
663 317 833 378 incolebant,
845 321 873 367 in

74 391 181 457 agmine
196 387 329 439 dimicare
344 389 381 438 sit
398 393 518 438 coactus.
556 387 618 448 ouo
637 386 744 453 proelio
766 387 873 439 duobus

74 459 181 510 milibus
192 456 310 508 militurn
322 457 438 525 amplius
449 455 566 518 arnissis,
588 457 796 507 centurionibus
808 456 874 506 duo-

74 527 299 597 dequadraginta,
319 527 439 578 tribunis
451 531 578 594 quatuor,
589 541 650 576 curn
663 525 778 593 reliquis
789 525 874 591 copiis

74 599 202 650 Salonam
214 611 244 647 se
255 599 372 662 recepit3
384 611 545 664 summaque
555 597 593 646 ibi
605 594 769 646 difficultate
780 610 874 646 rerum

74 669 194 720 omnium
206 680 327 732 pressus,
339 669 435 732 paucis
445 665 585 716 mensibus
597 665 693 717 morbo
704 667 796 732 periit.
826 665 875 714 Cu·

74 742 115 790 ius
126 744 154 788 et
165 735 315 787 infelicitas
325 738 386 800 viri,
398 742 427 788 et
437 736 530 786 subita
536 743 610 786 mors
620 735 649 785 iu
661 750 788 802 magnam
799 749 876 800 spem

75 808 218 860 Octavium
241 805 357 856 adduxit
376 807 535 873 provinciae
556 805 722 871 potiundae3
744 820 825 870 quern
838 809 878 854 ta·

75 891 135 928 men
148 875 252 926 diutius
263 878 291 926 in
302 876 384 926 rebus
395 875 523 928 secundis
535 881 563 925 et
574 873 696 938 fortuna,
713 890 784 942 quae
795 874 878 941 pluri-

75 961 148 997 mum
161 947 190 994 in
200 945 280 996 bellis
290 951 397 1011 petest,
419 946 618 1016 diligentiaque
631 943 775 998 Cornificii
786 949 815 996 et
824 945 877 994 rir-

74 1023 120 1067 tus
131 1015 238 1068 Vatinii
249 1017 355 1066 versari
368 1031 450 1082 passa
462 1031 517 1066 nen
530 1020 582 1066 est.

126 1083 225 1136 XLlV.
243 1085 372 1137 Vatinius
384 1085 528 1136 Brundisii
549 1099 633 1151 quum
654 1089 737 1148 esset,
759 1085 878 1152 cognitis

75 1155 166 1214 rebus,
188 1169 259 1222 quae
277 1161 372 1221 gestae
389 1162 469 1207 erant
486 1157 515 1204 in
527 1153 653 1222 lllyrice,
674 1170 757 1222 quum
775 1154 883 1220 crebris

74 1225 175 1276 litte-ris
191 1225 331 1275 Cornificii
349 1224 384 1276 ad
401 1225 533 1276 auxilium
555 1225 711 1290 provinciae
732 1223 877 1274 ferendum

74 1298 246 1357 evocaretur,
267 1299 296 1344 et
317 1294 356 1344 M.
371 1296 515 1353 Octavium
536 1293 648 1344 audiret
667 1309 730 1344 cum
750 1292 883 1344 barbaris-

72 1365 191 1416 foedera
200 1364 377 1432 percussisse,
387 1363 626 1430 compluribusque
637 1362 706 1414 locis
718 1367 877 1412 nostrorum

74 1435 194 1485 militum
215 1447 373 1500 oppugnare
394 1433 542 1500 praesidia,
563 1433 663 1498 partim
676 1431 764 1483 classe
776 1446 826 1497 per
838 1448 878 1494 se,

72 1505 174 1573 partim
189 1502 365 1569 pedestribus
382 1504 467 1569 copiis
488 1517 537 1568 per
548 1501 695 1564 barbares3
715 1502 779 1563 etsi,
799 1503 877 1567 gravi

71 1572 232 1625 valetudine
245 1570 379 1634 adfectus,
395 1575 440 1622 vix
452 1572 576 1637 corporis
586 1571 690 1622 viribus
702 1571 824 1621 animum
835 1585 876 1622 se·

73 1645 222 1712 qucbatur3
241 1647 334 1692 tamen
344 1643 447 1693 virtute
458 1642 524 1692 vicit
536 1639 739 1691 incommodum
751 1645 877 1703 naturae,

73 1712 307 1778 difficultatesque
323 1717 352 1763 et
369 1711 467 1763 hiemis
480 1715 508 1762 et
522 1711 636 1776 subitae
646 1711 877 1777 praeparationis.

72 1782 158 1844 Nam,
181 1796 263 1848 quum
276 1782 334 1846 ipse
346 1796 445 1847 paucas
458 1785 483 1832 in
498 1789 580 1847 portu
591 1795 674 1831 nares
686 1779 784 1846 leugas
795 1778 878 1832 habe-

73 1858 126 1914 ret,
138 1851 246 1902 litteras
258 1851 285 1900 in
297 1850 427 1902 Achaiam
438 1852 471 1902 ad
485 1851 517 1914 Q.
530 1848 662 1902 Calenum
674 1850 761 1913 misit,
772 1850 815 1900 uti
825 1851 877 1900 sibi

73 1921 189 1986 classem
201 1921 333 1971 nritteret.
369 1921 450 1982 Quod
463 1936 546 1988 quum
557 1921 665 1972 tardius
680 1919 776 1982 fieret,
795 1935 875 1987 quam

73 1991 227 2058 periculum
240 1997 397 2041 nostrorum
411 1989 567 2058 flagitabat,
588 1991 634 2058 qui
645 1991 782 2040 sustinere
793 1991 878 2055 impe*-

13 2089 16 2098 ·
74 2068 133 2110 tum
149 2061 256 2118 Octavii
278 2075 333 2109 non
354 2066 499 2127 poterant3
519 2061 633 2110 navibus
653 2061 793 2120 actuariis,
813 2073 877 2124 qua-

19 2157 30 2178 .-
75 2144 136 2180 rum
148 2144 282 2194 numerus
293 2135 353 2180 erat
364 2131 434 2180 satis
445 2145 571 2196 magnus,
583 2129 772 2195 magnitudine
784 2137 877 2197 quaro·

74 2214 156 2268 quam
168 2213 223 2247 nen
239 2200 306 2248 satis
323 2199 398 2249 iusta
408 2199 443 2250 ad
458 2199 665 2266 proeliandum,
686 2191 876 2263 restra'inrpo·

74 2272 144 2320 suit·
162 2267 216 2317 His
228 2266 364 2318 adiunctis
376 2268 491 2319 naribus
502 2267 592 2334 longis
604 2273 641 2328 ct,
653 2265 877 2318 numero‘classis

74 2344 166 2398 aucto,
177 2335 311 2386 militibus
319 2339 609 2402 veteranisimpositis,
620 2351 736 2404 quorum
748 2343 875 2402 rnagnam

75 2403 185 2474 copiam
197 2405 317 2457 habebat
329 2421 364 2458 ex
376 2409 502 2459 omnibus
514 2407 680 2474 legionibus,
702 2409 749 2474 qui
760 2421 876 2457 nunrcro

75 2491 224 2544 aegrorum
236 2475 325 2526 relicti
338 2482 418 2527 eraut
430 2476 583 2538 Brundisii,
605 2479 689 2546 quum
701 2479 837 2528 exercitus
849 2477 875 2526 io

75 2545 220 2598 Graeciam
229 2550 476 2612 transportaretur,
487 2547 629 2613 profectus
640 2552 684 2598 est
695 2547 721 2596 in
733 2545 875 2612 illyricum

76 2617 284 2682 maritimasque
306 2615 456 2668 nonnullas
469 2617 604 2679 civitates,
625 2633 695 2684 quac
716 2615 876 2670 defecerant

76 2686 247 2752 Octavioque
259 2701 288 2736 sc
299 2687 516 2748 transdidorant,
532 2689 632 2754 partim
645 2687 803 2752 recipiebat,
815 2700 873 2752 par
