2152 3144
280 166 637 220 ,Luxaunltrn'o
803 168 853 224 ³87

54 269 243 324 fallacissimis
254 271 395 335 eruditus,
415 287 451 323 ue
463 273 582 339 agentis
594 286 662 324 suae
674 273 797 324 moribus
810 272 856 324 de-

51 346 209 410 generaret,
227 339 297 393 flens
309 355 390 394 orare
402 347 499 393 contra
509 343 657 394 Caesarem
669 345 768 409 coepit,
789 359 822 393 ne
832 357 858 392 te

52 409 216 464 diruitteret:
226 427 278 464 non
289 409 360 462 enim
371 427 487 480 reguum
496 410 582 478 ipsum
589 411 787 479 tibieontpeclu
794 409 858 462 Cne-

51 479 186 534 totitem
196 479 346 533 iucundius.
376 482 548 548 Compressis
559 483 638 550 pueri
648 481 781 544 lacrimis,
793 482 856 540 Cae·

52 553 169 618 saripse
182 556 352 614 commotus,
373 552 517 614 celeriter,
538 553 562 602 si
581 551 630 602 illa
645 552 777 614 sentiret,
798 550 859 602 fore

55 637 119 674 eum
130 637 223 672 secum
236 619 400 685 adfirmans,
422 621 458 672 ad
473 635 539 672 suos
551 620 664 674 dimisit.
700 621 760 683 llle,
782 625 814 670 ut
825 635 859 670 ex
886 631 888 634 ·

54 693 212 744 carceribus
223 691 251 740 iu
263 691 381 742 liberum
394 706 505 742 cursum
517 693 651 753 emissus,
680 690 750 741 adeo
761 694 860 740 contra

54 761 319 812 Caesaremacriter
329 760 433 812 bellum
446 775 546 829 gerere
556 761 658 828 coepit,
679 758 860 820 ueterrimas,

55 832 165 898 quasin
177 830 318 898 colloquio
329 831 499 897 proiecerat,
526 831 629 897 gaudio
641 829 785 882 rideretur
797 842 858 894 pro·

55 900 172 952 fudisse.
207 901 347 952 accidisse
367 898 420 952 hoc
440 901 599 966 complures
614 901 743 952 Caesaris
765 899 860 966 legati,

56 970 151 1030 antici,
168 973 346 1022 centuriones
358 970 518 1039 militesque
530 969 716 1032 laetabantur,
733 969 807 1037 quod
820 970 858 1018 ni-

55 1040 114 1091 mia
122 1040 232 1090 bonitas
244 1041 303 1092 eius
314 1038 432 1094 fallaciis
444 1043 522 1106 pueri
535 1038 613 1092 elusa
624 1045 711 1092 essct:
725 1039 805 1106 quasi
816 1052 860 1088 ve·

56 1123 90 1160 ro
102 1109 130 1160 id
143 1109 244 1160 Caesar
252 1110 377 1172 bonitate
388 1115 497 1161 tantum
508 1109 658 1172 adductus,
687 1125 719 1161 ac
730 1124 785 1160 non
797 1123 848 1175 pru

57 1178 220 1232 (lentissimo
233 1179 349 1230 consilio
360 1179 480 1232 fecisset.

110 1247 197 1300 XXV.
217 1247 323 1312 Quum,
344 1248 413 1300 duce
423 1249 561 1312 adsumto,
581 1246 760 1301 Alexandrini
772 1244 860 1298 nihilo

57 1332 89 1370 se
100 1315 238 1368 firmiores
249 1316 347 1380 factos,
358 1325 409 1370 aut
420 1319 610 1385 languidiores
616 1318 764 1379 Romanos,
775 1315 861 1366 anius·

57 1386 251 1450 adver-terena
261 1387 493 1456 eludentibusque
505 1389 638 1440 militibus
650 1388 727 1454 regis
739 1392 860 1438 aetatem

57 1463 142 1523 atque
162 1457 366 1520 infirmitatem,
397 1468 526 1525 magnum
542 1458 667 1509 dolorem
690 1458 862 1522 acciperente

57 1541 147 1593 neque
159 1541 189 1578 se
200 1525 350 1595 quidquam
362 1526 498 1594 proficere
509 1528 649 1589 riderent3
679 1541 862 1595 rumoresque
942 1572 944 1576 .

59 1597 223 1658 existerent,
239 1611 340 1664 magna
352 1599 461 1649 Caesari
473 1597 613 1664 praesidia
624 1597 751 1648 terrestri
764 1597 862 1646 itinere

60 1665 145 1733 Syria
157 1666 307 1736 Ciliciaque
318 1667 418 1719 adduci
430 1667 516 1736 (quod
528 1667 651 1718 nondum
663 1666 774 1718 Caesari
786 1665 862 1716 audi·

59 1742 119 1787 tum
131 1739 217 1798 erati:
243 1743 441 1801 commeatum,
462 1739 509 1805 qui
520 1738 625 1789 nostris
636 1735 708 1788 mari
719 1741 862 1803 supporta·

59 1807 152 1869 batur,
169 1808 337 1874 intercipere
347 1813 512 1859 statuerunt.
548 1809 654 1874 ltaque,
666 1806 803 1873 expeditis
815 1821 861 1856 ua·

58 1877 153 1944 siglis,
173 1877 243 1928 locis
253 1879 360 1930 idoneis
371 1878 406 1928 ad
418 1879 560 1945 Canopum
572 1879 600 1927 in
613 1879 734 1928 statione
745 1878 862 1940 disposi-

57 1948 96 1998 tis
108 1947 769 2009 navibus,insidiabanturnostriscourmeatibus.
782 1944 861 2007 Quod

58 2016 107 2067 ubi
119 2019 231 2068 Caesari
249 2021 408 2069 nunciatum
425 2024 481 2080 est,
510 2018 627 2069 classem
643 2017 722 2068 iubet
738 2015 862 2080 expediri

12 2145 13 2154 ἵ
59 2091 143 2152 atque
154 2088 265 2139 instrui.
301 2087 433 2138 Praelicit
443 2086 507 2140 lsuic
518 2089 562 2138 Ti.
574 2086 721 2140 Neronem.
749 2085 862 2135 Protici-

58 2163 175 2208 scuutur
192 2157 218 2207 in
230 2171 264 2207 ea
281 2157 370 2208 classe
380 2155 506 2208 Rhodiae
518 2172 602 2209 nares
620 2161 704 2222 atque
716 2157 744 2204 in
757 2152 799 2203 his
810 2154 862 2202 Eu·

12 2267 13 2296 ,
59 2223 197 2293 phranor,
217 2225 288 2277 'sine
299 2241 353 2293 quo
366 2227 443 2277 nulla
457 2241 585 2292 umquam
602 2224 745 2276 dimicatio
757 2223 861 2274 mariti·

58 2311 118 2357 ma,
148 2293 227 2346 nulla
238 2297 323 2346 etiam
341 2310 438 2362 parum
455 2295 575 2346 feliciter
585 2293 712 2346 confecta
723 2301 793 2344 erat.
829 2293 860 2342 m

58 2365 186 2426 fortuna,
210 2365 525 2432 quaeplerumqueeos,
547 2363 862 2432 quasplurimisbeneti·

58 2435 109 2486 ciis
121 2435 245 2497 ornarit,
269 2433 303 2484 ad
316 2435 456 2487 duriorem
468 2449 561 2486 casum
577 2438 716 2495 reservat,
739 2431 861 2498 superio·

57 2520 119 2556 rum
130 2510 286 2569 temporum
305 2504 462 2566 dissimilis,
490 2501 702 2570 Euphranorem
714 2517 860 2568 proseque-

58 2575 149 2627 batur.
186 2573 256 2625 Nam
273 2590 356 2642 quum
373 2573 409 2626 sd
424 2575 565 2641 Canopum
582 2579 694 2624 rentum
712 2576 798 2634 essct,
823 2575 860 2621 in·

57 2651 219 2712 structaque
229 2647 368 2711 utrimque
380 2644 478 2696 classis
490 2643 678 2707 conflixisset,
697 2648 726 2694 ct
735 2657 787 2692 sua
798 2656 848 2692 con

56 2715 203 2767 suetudine
220 2713 387 2782 Eupluanor
401 2717 507 2782 primus
524 2714 659 2835 prqpllippp
677 2713 857 2765 etirrmrisisset
