2152 3144
292 199 661 258 sbuxsaultluo.
826 203 876 254 dll

82 310 111 358 et
120 303 261 358 Trebonio
272 303 445 358 et'ltlareello
456 306 658 370 committeret3
685 311 719 358 nt
728 303 808 358 amici
819 305 880 358 eins

82 375 260 438 dictitabant,
289 390 324 427 ue
333 389 384 444 per
394 389 454 427 canr
465 377 636 443 provinciam
648 377 755 430 minore
766 391 828 427 esur
839 376 882 427 di·-

82 445 189 513 gnitate
201 446 256 496 iter
266 442 386 506 faceret,
407 445 485 496 cuius
497 459 597 514 magna
605 459 671 513 pars
681 445 715 498 ab
726 460 759 498 eo
772 443 880 498 defece·

81 519 138 577 rat3
159 519 191 564 ut
201 514 288 565 ceteri
299 515 505 578 existimabant,
525 531 561 568 ue
571 516 688 583 pecunia
696 515 754 578 illa,
776 515 879 566 cxinli·

80 582 146 636 uitis
155 583 258 650 rapinis
268 583 410 647 conlecta,
439 584 469 634 in
480 590 650 652 potestatem
664 585 826 652 cuiusquam
836 599 882 635 re·

81 653 162 705 niret.
197 652 367 720 Progressus
376 653 507 718 secunda,
524 660 557 705 ut
567 653 693 718 hiberna,
705 659 882 720 tempestate,

82 737 167 790 quoru
185 723 215 774 in
235 722 346 776 lberurn
364 722 466 776 flumen
480 725 571 776 noctis
588 724 719 776 vitandae
735 725 836 775 caussa
850 738 880 776 se

82 792 258 856 contulisset,
287 793 353 845 iadc
374 794 465 860 paullo
486 792 693 846 vehementiore
714 797 883 858 tempestate

82 859 169 914 nihilo
180 863 362 928 periculosius
377 878 407 915 se
423 863 617 930 navigaturum
629 863 760 925 credens,
790 859 883 930 prose·

82 934 143 984 otus
153 930 276 984 adversis
287 931 430 996 ductibus,
449 933 656 984 occurrentibus
668 933 740 986 ostio
752 931 883 994 dunninis,

82 1001 187 1066 inipsis
199 998 334 1066 faucibus,
348 1017 430 1070 quarn
443 1017 533 1070 nequo
542 1002 655 1054 flectcre
666 1003 757 1053 navim
768 1007 884 1070 prepter

82 1070 134 1120 rim
147 1068 281 1134 lluurinis,
301 1087 392 1139 neque
403 1071 537 1124 directam
547 1073 634 1126 tantis
644 1072 774 1127 ductibus
785 1078 883 1124 tenere

82 1144 184 1207 posset,
204 1139 413 1204 demersanari,
432 1143 523 1208 periit.
679 1177 682 1188 .

133 1208 219 1262 bxv.
237 1210 884 1278 QuuminsyriamCaesarexAegyptovenis-

81 1284 126 1330 set
136 1285 219 1346 atque
230 1279 324 1342 abiis,
343 1283 391 1348 qni
403 1281 489 1332 Roma
497 1281 679 1334 veneruntad
690 1293 764 1342 euru,
783 1293 885 1346 cogno·

82 1354 173 1402 soeret
184 1347 342 1417 litterisque
351 1350 467 1401 urbanis
479 1351 725 1413 animadverteret,
737 1348 825 1402 multa
833 1349 883 1400 llo.

83 1433 146 1470 ntae
166 1418 239 1470 rnale
256 1423 285 1469 et
300 1419 440 1470 inutiliter
455 1418 660 1482 administrari,
690 1433 779 1488 neque
798 1417 883 1469 ullam

83 1493 189 1556 partein
200 1487 370 1554 reipublicae
381 1490 449 1540 satis
460 1489 604 1541 commode
614 1489 689 1557 geri3
701 1487 775 1557 quod
787 1493 885 1539 etenn-

82 1556 256 1610 tentionibus
267 1557 421 1609 tribunitiis
434 1559 604 1625 perniciosae
615 1558 769 1610 seditiones
780 1558 887 1611 oriren-

81 1633 180 1690 taret,
209 1629 359 1679 ambitione
370 1633 454 1696 atque
464 1628 639 1696 indulgentia
648 1629 824 1680 tribunorum
835 1628 885 1678 rni-

81 1695 203 1750 litum'et
213 1697 261 1764 qui
270 1697 428 1766 legionibus
440 1703 603 1764 praeerant,
623 1695 886 1750 multaodntramo·

82 1781 142 1819 rann
152 1767 438 1836 consuetudinemque
449 1767 601 1820 militarem
611 1767 727 1832 derant,
747 1781 819 1836 quae
830 1764 886 1819 dis-

82 1835 235 1889 solveudae
250 1836 412 1904 disciplinae
431 1837 645 1906 severitatisque
656 1843 765 1901 essent3
797 1851 886 1904 eaque

82 1907 176 1958 oannis
185 1905 312 1976 llagitsrc
322 1906 470 1960 adrenttdn
481 1923 561 1958 suurn
572 1907 692 1960 rideret:
703 1914 797 1960 tannen
806 1921 886 1975 prae·

82 1975 231 2030 ferendum
242 1977 425 2039 existimarit,
455 1993 523 2046 quas
538 1979 566 2029 in
576 1978 733 2045 provincias
743 1979 886 2045 regiones·

81 2061 135 2113 quc
144 2047 275 2110 venisset,
286 2061 334 2100 eas
346 2047 385 2100 ita
396 2046 554 2113 relinquere
565 2048 740 2110 constitutas,
750 2053 781 2098 ut
791 2046 886 2098 dorne·

81 2115 159 2200 stieiq
171 2115 391 2168 dissensionibus
402 2116 605 2179 liberarentur,
628 2118 690 2168 lura
700 2115 830 2184 legesque
842 2130 886 2166 ae·

79 2191 427 2322 tffitl‘atlllltbl
437 2183 884 2308 ldlultllltlzltflt

79 2324 222 2391 sperabat,
232 2325 307 2392 quod
317 2324 369 2377 bae
381 2324 538 2391 provinciae
547 2324 627 2375 nullo
638 2323 712 2376 bello
723 2322 885 2390 premebam

79 2398 136 2445 tur.
172 2393 204 2444 ln
219 2393 352 2462 Bithynia
368 2409 401 2445 ao
416 2393 505 2446 Ponto
521 2393 584 2462 plus
599 2394 692 2444 oneris
706 2392 819 2444 ridebat
830 2392 884 2444 sibi

78 2460 883 2600 llltlltsuqlzltdiutllltllll‘tlllbltl

78 2603 189 2670 proelio
200 2601 380 2658 rebenrenter
391 2610 467 2656 esset
477 2603 607 2667 inflatus,
634 2603 707 2670 quod
719 2610 818 2656 eontra
827 2601 881 2653 Do·
920 2599 923 2610 “

77 2674 187 2724 nritiunr
200 2668 469 2728 Galbinnmfeoerat.
507 2673 701 2728 Commoratus
718 2673 880 2730 lercinonr·
941 2729 943 2740 p

78 2743 160 2798 nibus
168 2743 342 2812 civitatibus,
365 2759 436 2816 quae
447 2745 554 2798 adore
564 2743 789 2816 suatdignitate,
806 2758 889 2814 prae·
