2150 3124
309 247 313 256 .
346 197 494 252 orara
528 198 578 254 ιν.
627 163 633 173 ’
835 195 869 252 sr
903 244 907 258 r

68 304 124 353 tur.
162 299 226 352 Hoc
242 301 294 354 sibi
308 304 377 354 satis
393 309 546 370 opportune
562 303 664 356 Caesar
680 300 814 354 accidisse
828 317 870 355 ar-

68 371 204 434 bitratus,
222 372 295 438 qnod
306 388 394 440 neque
405 379 467 439 post
476 378 584 440 tergum
596 370 700 424 hostem
712 371 870 440 relinquere

67 440 195 502 volebat,
210 455 299 508 neque
315 443 380 494 belli
391 443 504 510 gerendi
516 447 629 508 propter
639 443 703 495 anni
714 447 821 507 tempus
832 440 871 498 fa«,

67 510 205 561 cultatem
216 509 436 579 habebat,neque
447 510 496 570 has
506 511 676 562 tantuiarum
687 525 778 566 rerum
790 525 870 562 occu·

67 581 197 646 pationes
206 580 259 630 sibi
270 580 431 638 Britanniae
442 580 646 647 anteponendas
656 579 870 652 iudicabamu-

66 646 209 715 gnumiris
220 649 344 700 obsidum
357 665 499 703 numerum
509 653 635 715 imperat
670 649 775 710 Quibus
787 649 870 714 addug

67 720 134 780 ctis,
156 733 205 769 eos
225 719 252 767 in
267 719 350 776 iidem
365 721 478 786 recepit.
513 719 634 770 Navibus
645 719 754 782 circiter
766 717 871 778 LXXX

67 789 206 854 onerariis
221 790 337 850 coactis,
361 790 578 856 contractisque,
598 794 665 854 quot
678 789 745 838 satis
760 803 820 840 esse
835 787 870 840 ad

66 857 138 908 duas
153 857 384 924 transportandas
399 858 522 924 legiones
531 857 719 920 existimabat,
739 855 871 926 quidquid

67 931 215 993 praeterea
225 929 338 990 ¹navium
353 927 497 994 longarum
509 926 639 990 habehat,
660 929 817 998 quaestori„
833 927 871 978 le.

67 997 141 1064 gatis
177 995 381 1064 praefectisque
400 996 564 1054 distribuit.
609 996 675 1052 Huc,
703 997 871 1056 accedebant

68 1065 162 1116 XVlil
182 1069 327 1118 onerariae
342 1081 447 1128 nares,
458 1081 529 1134 quae
544 1081 578 1120 ex
592 1081 625 1118 eo
641 1065 702 1120 loeo
713 1067 747 1118 ab
758 1067 870 1134 milibus

69 1149 201 1201 passuum
216 1136 281 1188 Vlil
296 1142 378 1202 rento
394 1137 573 1200 tenebantur,
593 1150 647 1204 quo
658 1137 748 1188 minus
759 1138 786 1186 in
797 1151 872 1188 eum·

69 1205 132 1256 dem
151 1209 262 1270 portum
278 1207 422 1272 pertenire
437 1211 555 1272 possent.
591 1207 650 1258 Has
666 1207 804 1274 equitibus
818 1205 872 1256 dis·

70 1274 182 1338 tribuit5
201 1274 336 1342 reliquum
358 1277 507 1327 exercitum
517 1276 551 1337 Q.
563 1276 672 1328 Titurio
684 1275 785 1328 Sabino
801 1279 829 1324 et
838 1273 871 1324 L.

68 1343 256 1400 Aurunculeio
272 1345 384 1408 Cottae,
403 1345 515 1412 legatis,
535 1347 563 1396 in
578 1346 721 1410 Menapios
740 1349 831 1410 atque,
843 1343 872 1392 in

69 1428 119 1466 cns
133 1427 221 1481 pagos
232 1414 419 1478 Morinorum,
438 1417 472 1466 ab
483 1415 580 1482 quibus
597 1413 632 1464 od
648 1429 711 1464 eum
722 1411 806 1480 legati
816 1425 876 1474 non

67 1488 218 1548 venerant,
234 1483 423 1536 deducendum
435 1484 518 1536 dedit.
553 1483 583 1535 P.
595 1482 749 1548 Sulpicium
760 1479 872 1543 Rufum,

67 1553 210 1620 legatum,
231 1569 292 1604 cum
307 1569 341 1606 eo
352 1554 505 1621 praesidio,
525 1552 600 1622 quo'd
608 1553 675 1608 satis
686 1565 745 1604 esse
756 1550 878 1602 arbitra*

66 1621 166 1684 batur,
177 1628 286 1688 portum
298 1630 393 1676 tenere
402 1625 491 1682 iussit.
574 1673 576 1678 ,
856 1661 866 1672 ,.

122 1691 226 1744 xxm.
256 1693 313 1748 ,His
334 1695 492 1746 constitutis
511 1691 608 1754 rebus,
627 1695 725 1748 nactm
736 1689 871 1746 idoneam

71 1761 108 1814 ad
115 1762 299 1830 navigandum
310 1764 600 1828 tempestatem,tertia
610 1759 669 1815 scre
677 1760 771 1828 vigilia
781 1759 874 1822 solvit,

71 1833 234 1900 equitesque
253 1835 282 1882 in
302 1833 464 1884 ulteriorem
481 1837 592 1900 portum
608 1831 738 1898 progredi
749 1835 777 1884 et
787 1843 873 1882 naves

71 1900 257 1954 conscendere
278 1906 354 1954 etse
372 1903 450 1970 sequi
471 1904 563 1959 iussit:
588 1916 606 1952 a
625 1902 722 1968 quibus
741 1915 824 1967 quum
843 1899 872 1952 id

71 1969 169 2042 paullo
189 1971 297 2022 tardius
317 1977 392 2023 esset
411 1971 644 2032 administratum,
668 1972 725 2036 ipse
740 1967 873 2022 horadiei

72 2042 184 2108 circiter
198 2045 299 2112 quarta
311 2055 374 2092 eum
389 2043 484 2108 primis
494 2041 610 2097 navibus
620 2040 792 2092 Britanniam
804 2039 874 2090 adti-

13 2153 15 2176 ,
74 2113 115 2180 git
135 2115 218 2178 atque
232 2110 270 2161 ibi
286 2111 314 2164 ia
330 2111 456 2162 omnibus
471 2111 589 2163 collibus
604 2112 743 2175 expositas
754 2107 875 2160 hostium

74 2179 167 2247 copias
187 2184 310 2232 armatas
324 2182 475 2248 conspexit.
511 2181 594 2232 Cuius
609 2179 664 2230 ioci
681 2176 749 2231 haec
760 2183 876 2229 eratne·

13 2259 14 2286 ἐ
75 2255 151 2302 tura:
178 2249 248 2301 adeo
274 2250 413 2301 montibus
431 2251 554 2318 angustis
575 2263 652 2300 nraro
672 2247 876 2308 continebatur,

75 2322 115 2371 nti
131 2333 166 2370 ex
182 2320 251 2372 locis
265 2320 454 2385 superioribus
470 2322 498 2371 in
509 2320 576 2372 litus
586 2317 672 2370 telum
682 2316 764 2368 adiici
774 2320 876 2381 posset

74 2387 155 2442 Hunc
169 2388 204 2440 ad
220 2388 416 2456 egrediendum
429 2403 605 2457 nequaquam
620 2385 748 2438 idoneum
760 2383 876 2435 arbitra·

77 2458 239 2524 tusiacum,
262 2459 326 2510 dum
341 2459 465 2526 reliquae
476 2473 563 2509 nares
576 2469 611 2508 eo
625 2454 815 2516 convenirent,
842 2451 875 2506 ad
938 2475 939 2478 ¹

75 2526 169 2582 horam
184 2543 286 2580 nonam
300 2529 328 2579 in
344 2529 452 2580 ancoris
466 2526 644 2594 exspectarit
679 2523 791 2576 Interim
803 2522 878 2589 lega·

74 2599 111 2649 tis
120 2598 293 2666 tribunisque
305 2597 424 2650 miiitum
438 2597 609 2659 convocatis,
629 2599 656 2647 et
667 2609 737 2662 quae
748 2607 782 2645 ex
793 2592 879 2646 Volu-

74 2683 139 2720 seno
150 2673 312 2736 cognosset,
328 2673 357 2720 et
366 2683 438 2736 qnae
448 2666 509 2719 tieri
518 2665 616 2728 veliet,
631 2662 751 2722 ostendit
761 2662 880 2716 monuit*
923 2672 925 2676 '

75 2753 141 2808 que,
154 2741 197 2860 (υὲ
205 2739 249 2798 rei
259 2737 389 2793 militaris
398 2739 487 2803 ratio,
497 2736 616 2788 maxime
626 2733 822 2858 utkpraritimae
833 2745 880 2784 res

106 2809 165 2862 lut..
197 2821 258 2862 sas.
612 2843 618 2855 .
