<?xml version="1.0" encoding="UTF-8"?>
<!DOCTYPE html PUBLIC "-//W3C//DTD XHTML 1.0 Transitional//EN"
    "http://www.w3.org/TR/xhtml1/DTD/xhtml1-transitional.dtd">
<html xmlns="http://www.w3.org/1999/xhtml" xml:lang="en" lang="en">
 <head>
  <title>
</title>
<meta http-equiv="Content-Type" content="text/html;charset=utf-8" />
  <meta name='ocr-system' content='tesseract 3.04.00' />
  <meta name='ocr-capabilities' content='ocr_page ocr_carea ocr_par ocr_line ocrx_word'/>
</head>
<body>
  <div class='ocr_page' id='page_1' title='image "./cjuliicaesarisc05caesgoog_0186.png"; bbox 0 0 2168 3134; ppageno 0'>
   <div class='ocr_carea' id='block_1_1' title="bbox 159 158 779 218">
    <p class='ocr_par' dir='ltr' id='par_1_1' title="bbox 159 158 779 218">
     <span class='ocr_line' id='line_1_1' title="bbox 159 158 779 218; baseline -0.003 -1"><span class='ocrx_word' id='word_1_1' title='bbox 159 161 216 218; x_wconf 72' lang='lat' dir='ltr'>tro</span> <span class='ocrx_word' id='word_1_2' title='bbox 351 160 407 214; x_wconf 86' lang='lat' dir='ltr'>DE</span> <span class='ocrx_word' id='word_1_3' title='bbox 426 158 571 214; x_wconf 85' lang='lat' dir='ltr'>BELLO</span> <span class='ocrx_word' id='word_1_4' title='bbox 590 160 779 216; x_wconf 71' lang='lat' dir='ltr'>enhulco</span> 
     </span>
    </p>
   </div>
   <div class='ocr_carea' id='block_1_2' title="bbox 158 262 969 2072">
    <p class='ocr_par' dir='ltr' id='par_1_2' title="bbox 158 262 969 2072">
     <span class='ocr_line' id='line_1_2' title="bbox 161 262 967 333; baseline 0.006 -15"><span class='ocrx_word' id='word_1_5' title='bbox 161 266 239 332; x_wconf 86' lang='lat' dir='ltr'>ripas</span> <span class='ocrx_word' id='word_1_6' title='bbox 249 262 363 332; x_wconf 78' lang='lat' dir='ltr'>Ligeris</span> <span class='ocrx_word' id='word_1_7' title='bbox 375 270 531 332; x_wconf 92' lang='lat' dir='ltr'>opportuno</span> <span class='ocrx_word' id='word_1_8' title='bbox 546 265 609 318; x_wconf 93' lang='lat' dir='ltr'>loco</span> <span class='ocrx_word' id='word_1_9' title='bbox 619 267 752 333; x_wconf 85' lang='lat' dir='ltr'>positum.</span> <span class='ocrx_word' id='word_1_10' title='bbox 787 266 850 320; x_wconf 92' lang='lat' dir='ltr'>lluc</span> <span class='ocrx_word' id='word_1_11' title='bbox 861 266 967 324; x_wconf 78' lang='lat' dir='ltr'>caesar</span> 
     </span>
     <span class='ocr_line' id='line_1_3' title="bbox 162 333 965 406; baseline 0.001 -18"><span class='ocrx_word' id='word_1_12' title='bbox 162 350 260 388; x_wconf 90' lang='lat' dir='ltr'>omnes</span> <span class='ocrx_word' id='word_1_13' title='bbox 276 333 390 386; x_wconf 87' lang='lat' dir='ltr'>obsides</span> <span class='ocrx_word' id='word_1_14' title='bbox 401 335 526 397; x_wconf 84' lang='lat' dir='ltr'>Galliae,</span> <span class='ocrx_word' id='word_1_15' title='bbox 551 335 736 399; x_wconf 79' lang='lat' dir='ltr'>frumentum,</span> <span class='ocrx_word' id='word_1_16' title='bbox 757 337 905 406; x_wconf 87' lang='lat' dir='ltr'>pecuniam</span> <span class='ocrx_word' id='word_1_17' title='bbox 917 353 965 405; x_wconf 93' lang='lat' dir='ltr'>pu·</span> 
     </span>
     <span class='ocr_line' id='line_1_4' title="bbox 160 405 967 472; baseline 0.004 -14"><span class='ocrx_word' id='word_1_18' title='bbox 160 405 279 468; x_wconf 81' lang='lat' dir='ltr'>blicam,</span> <span class='ocrx_word' id='word_1_19' title='bbox 309 418 425 456; x_wconf 84' lang='lat' dir='ltr'>suorum</span> <span class='ocrx_word' id='word_1_20' title='bbox 441 411 524 471; x_wconf 87' lang='lat' dir='ltr'>atque</span> <span class='ocrx_word' id='word_1_21' title='bbox 541 406 682 456; x_wconf 86' lang='lat' dir='ltr'>exercitus</span> <span class='ocrx_word' id='word_1_22' title='bbox 703 406 967 472; x_wconf 82' lang='lat' dir='ltr'><strong>impedimentorum</strong></span> 
     </span>
     <span class='ocr_line' id='line_1_5' title="bbox 164 473 967 543; baseline -0.001 -16"><span class='ocrx_word' id='word_1_23' title='bbox 164 490 294 542; x_wconf 84' lang='lat' dir='ltr'>magnam</span> <span class='ocrx_word' id='word_1_24' title='bbox 306 482 413 540; x_wconf 87' lang='lat' dir='ltr'>partem</span> <span class='ocrx_word' id='word_1_25' title='bbox 425 475 595 526; x_wconf 83' lang='lat' dir='ltr'>contulerat:</span> <span class='ocrx_word' id='word_1_26' title='bbox 614 473 668 526; x_wconf 89' lang='lat' dir='ltr'>huc</span> <span class='ocrx_word' id='word_1_27' title='bbox 678 491 808 543; x_wconf 88' lang='lat' dir='ltr'>magnum</span> <span class='ocrx_word' id='word_1_28' title='bbox 820 491 967 528; x_wconf 82' lang='lat' dir='ltr'>numerum</span> 
     </span>
     <span class='ocr_line' id='line_1_6' title="bbox 164 543 968 613; baseline 0.001 -17"><span class='ocrx_word' id='word_1_29' title='bbox 164 559 307 612; x_wconf 89' lang='lat' dir='ltr'>equorum,</span> <span class='ocrx_word' id='word_1_30' title='bbox 319 543 401 596; x_wconf 90' lang='lat' dir='ltr'>lruius</span> <span class='ocrx_word' id='word_1_31' title='bbox 412 544 480 596; x_wconf 88' lang='lat' dir='ltr'>belli</span> <span class='ocrx_word' id='word_1_32' title='bbox 490 559 589 595; x_wconf 83' lang='lat' dir='ltr'>caussa</span> <span class='ocrx_word' id='word_1_33' title='bbox 602 545 631 596; x_wconf 92' lang='lat' dir='ltr'>in</span> <span class='ocrx_word' id='word_1_34' title='bbox 642 545 724 596; x_wconf 86' lang='lat' dir='ltr'>ltalia</span> <span class='ocrx_word' id='word_1_35' title='bbox 735 552 818 613; x_wconf 90' lang='lat' dir='ltr'>atque</span> <span class='ocrx_word' id='word_1_36' title='bbox 828 547 968 612; x_wconf 79' lang='lat' dir='ltr'>Hispania</span> 
     </span>
     <span class='ocr_line' id='line_1_7' title="bbox 162 613 968 682; baseline -0.001 -15"><span class='ocrx_word' id='word_1_37' title='bbox 162 620 318 676; x_wconf 87' lang='lat' dir='ltr'>coemtum,</span> <span class='ocrx_word' id='word_1_38' title='bbox 335 615 459 666; x_wconf 77' lang='lat' dir='ltr'>miserat.</span> <span class='ocrx_word' id='word_1_39' title='bbox 495 613 537 664; x_wconf 87' lang='lat' dir='ltr'>Eo</span> <span class='ocrx_word' id='word_1_40' title='bbox 548 629 631 680; x_wconf 88' lang='lat' dir='ltr'>quum</span> <span class='ocrx_word' id='word_1_41' title='bbox 642 615 810 682; x_wconf 83' lang='lat' dir='ltr'>Eporedirix</span> <span class='ocrx_word' id='word_1_42' title='bbox 821 615 968 667; x_wconf 81' lang='lat' dir='ltr'>Vir-duma·</span> 
     </span>
     <span class='ocr_line' id='line_1_8' title="bbox 162 683 968 752; baseline 0 -16"><span class='ocrx_word' id='word_1_43' title='bbox 162 699 267 752; x_wconf 87' lang='lat' dir='ltr'>rusque</span> <span class='ocrx_word' id='word_1_44' title='bbox 282 684 429 736; x_wconf 85' lang='lat' dir='ltr'>venissent</span> <span class='ocrx_word' id='word_1_45' title='bbox 445 689 475 736; x_wconf 92' lang='lat' dir='ltr'>et</span> <span class='ocrx_word' id='word_1_46' title='bbox 490 683 524 734; x_wconf 86' lang='lat' dir='ltr'>de</span> <span class='ocrx_word' id='word_1_47' title='bbox 535 689 611 736; x_wconf 83' lang='lat' dir='ltr'>statu</span> <span class='ocrx_word' id='word_1_48' title='bbox 623 684 746 736; x_wconf 84' lang='lat' dir='ltr'>civitatis</span> <span class='ocrx_word' id='word_1_49' title='bbox 758 685 968 752; x_wconf 79' lang='lat' dir='ltr'>cognorissent,</span> 
     </span>
     <span class='ocr_line' id='line_1_9' title="bbox 161 753 969 822; baseline 0 -16"><span class='ocrx_word' id='word_1_50' title='bbox 161 753 319 806; x_wconf 86' lang='lat' dir='ltr'>Litavicum</span> <span class='ocrx_word' id='word_1_51' title='bbox 331 753 461 806; x_wconf 80' lang='lat' dir='ltr'>Bibracte</span> <span class='ocrx_word' id='word_1_52' title='bbox 479 753 514 804; x_wconf 92' lang='lat' dir='ltr'>ab</span> <span class='ocrx_word' id='word_1_53' title='bbox 524 753 628 804; x_wconf 84' lang='lat' dir='ltr'>Aeduis</span> <span class='ocrx_word' id='word_1_54' title='bbox 644 761 803 821; x_wconf 89' lang='lat' dir='ltr'>receptum,</span> <span class='ocrx_word' id='word_1_55' title='bbox 831 755 906 822; x_wconf 89' lang='lat' dir='ltr'>quod</span> <span class='ocrx_word' id='word_1_56' title='bbox 923 762 969 806; x_wconf 82' lang='lat' dir='ltr'>eat</span> 
     </span>
     <span class='ocr_line' id='line_1_10' title="bbox 162 823 967 890; baseline 0.004 -17"><span class='ocrx_word' id='word_1_57' title='bbox 162 823 293 890; x_wconf 83' lang='lat' dir='ltr'>oppidum</span> <span class='ocrx_word' id='word_1_58' title='bbox 305 823 377 888; x_wconf 90' lang='lat' dir='ltr'>apud</span> <span class='ocrx_word' id='word_1_59' title='bbox 390 838 438 874; x_wconf 89' lang='lat' dir='ltr'>eos</span> <span class='ocrx_word' id='word_1_60' title='bbox 450 823 588 874; x_wconf 85' lang='lat' dir='ltr'>maximae</span> <span class='ocrx_word' id='word_1_61' title='bbox 600 825 790 889; x_wconf 84' lang='lat' dir='ltr'>auctoritatis,</span> <span class='ocrx_word' id='word_1_62' title='bbox 821 825 967 876; x_wconf 83' lang='lat' dir='ltr'>Conuicto·</span> 
     </span>
     <span class='ocr_line' id='line_1_11' title="bbox 160 892 968 961; baseline -0.001 -14"><span class='ocrx_word' id='word_1_63' title='bbox 160 894 279 947; x_wconf 82' lang='lat' dir='ltr'>litonum</span> <span class='ocrx_word' id='word_1_64' title='bbox 291 892 488 959; x_wconf 81' lang='lat' dir='ltr'>magistratum</span> <span class='ocrx_word' id='word_1_65' title='bbox 499 907 682 961; x_wconf 83' lang='lat' dir='ltr'>magnamque</span> <span class='ocrx_word' id='word_1_66' title='bbox 693 900 803 960; x_wconf 85' lang='lat' dir='ltr'>partem</span> <span class='ocrx_word' id='word_1_67' title='bbox 809 901 924 946; x_wconf 89' lang='lat' dir='ltr'>senatus</span> <span class='ocrx_word' id='word_1_68' title='bbox 930 896 968 946; x_wconf 89' lang='lat' dir='ltr'>ad</span> 
     </span>
     <span class='ocr_line' id='line_1_12' title="bbox 163 961 967 1032; baseline -0.001 -17"><span class='ocrx_word' id='word_1_69' title='bbox 163 978 226 1015; x_wconf 82' lang='lat' dir='ltr'>eum</span> <span class='ocrx_word' id='word_1_70' title='bbox 238 962 412 1024; x_wconf 87' lang='lat' dir='ltr'>convenisse,</span> <span class='ocrx_word' id='word_1_71' title='bbox 427 963 538 1030; x_wconf 89' lang='lat' dir='ltr'>legatos</span> <span class='ocrx_word' id='word_1_72' title='bbox 549 961 584 1012; x_wconf 93' lang='lat' dir='ltr'>ad</span> <span class='ocrx_word' id='word_1_73' title='bbox 596 963 860 1032; x_wconf 87' lang='lat' dir='ltr'>Vercingetorigem</span> <span class='ocrx_word' id='word_1_74' title='bbox 872 964 907 1016; x_wconf 88' lang='lat' dir='ltr'>de</span> <span class='ocrx_word' id='word_1_75' title='bbox 918 981 967 1032; x_wconf 88' lang='lat' dir='ltr'>pa·</span> 
     </span>
     <span class='ocr_line' id='line_1_13' title="bbox 162 1030 968 1101; baseline 0.004 -18"><span class='ocrx_word' id='word_1_76' title='bbox 162 1047 194 1083; x_wconf 88' lang='lat' dir='ltr'>ce</span> <span class='ocrx_word' id='word_1_77' title='bbox 206 1037 236 1082; x_wconf 90' lang='lat' dir='ltr'>et</span> <span class='ocrx_word' id='word_1_78' title='bbox 245 1030 370 1080; x_wconf 91' lang='lat' dir='ltr'>amicitia</span> <span class='ocrx_word' id='word_1_79' title='bbox 380 1031 557 1083; x_wconf 87' lang='lat' dir='ltr'>concilianda</span> <span class='ocrx_word' id='word_1_80' title='bbox 566 1032 677 1098; x_wconf 91' lang='lat' dir='ltr'>publice</span> <span class='ocrx_word' id='word_1_81' title='bbox 688 1034 803 1084; x_wconf 85' lang='lat' dir='ltr'>missos:</span> <span class='ocrx_word' id='word_1_82' title='bbox 819 1049 873 1088; x_wconf 88' lang='lat' dir='ltr'>nou</span> <span class='ocrx_word' id='word_1_83' title='bbox 886 1049 968 1101; x_wconf 86' lang='lat' dir='ltr'>prae-</span> 
     </span>
     <span class='ocr_line' id='line_1_14' title="bbox 162 1099 966 1156; baseline 0.002 -4"><span class='ocrx_word' id='word_1_84' title='bbox 162 1099 375 1152; x_wconf 87' lang='lat' dir='ltr'>termittendum</span> <span class='ocrx_word' id='word_1_85' title='bbox 397 1106 506 1152; x_wconf 88' lang='lat' dir='ltr'>tantum</span> <span class='ocrx_word' id='word_1_86' title='bbox 527 1101 701 1153; x_wconf 90' lang='lat' dir='ltr'>commodum</span> <span class='ocrx_word' id='word_1_87' title='bbox 724 1103 966 1156; x_wconf 82' lang='lat' dir='ltr'>existimaverunt.</span> 
     </span>
     <span class='ocr_line' id='line_1_15' title="bbox 161 1164 967 1241; baseline 0.002 -17"><span class='ocrx_word' id='word_1_88' title='bbox 161 1171 268 1237; x_wconf 86' lang='lat' dir='ltr'>ltaque,</span> <span class='ocrx_word' id='word_1_89' title='bbox 286 1164 445 1222; x_wconf 71' lang='lat' dir='ltr'>interiectis</span> <span class='ocrx_word' id='word_1_90' title='bbox 456 1171 618 1224; x_wconf 76' lang='lat' dir='ltr'>Novioduni</span> <span class='ocrx_word' id='word_1_91' title='bbox 628 1172 801 1235; x_wconf 87' lang='lat' dir='ltr'>custodibus,</span> <span class='ocrx_word' id='word_1_92' title='bbox 816 1174 918 1241; x_wconf 85' lang='lat' dir='ltr'>quique</span> <span class='ocrx_word' id='word_1_93' title='bbox 931 1188 967 1226; x_wconf 88' lang='lat' dir='ltr'>co</span> 
     </span>
     <span class='ocr_line' id='line_1_16' title="bbox 161 1238 967 1308; baseline 0.002 -16"><span class='ocrx_word' id='word_1_94' title='bbox 161 1238 328 1308; x_wconf 85' lang='lat' dir='ltr'>negotiandi</span> <span class='ocrx_word' id='word_1_95' title='bbox 343 1245 393 1292; x_wconf 85' lang='lat' dir='ltr'>cut</span> <span class='ocrx_word' id='word_1_96' title='bbox 406 1241 519 1294; x_wconf 86' lang='lat' dir='ltr'>itineris</span> <span class='ocrx_word' id='word_1_97' title='bbox 538 1257 637 1293; x_wconf 84' lang='lat' dir='ltr'>caussa</span> <span class='ocrx_word' id='word_1_98' title='bbox 647 1250 851 1304; x_wconf 84' lang='lat' dir='ltr'>convenerant,</span> <span class='ocrx_word' id='word_1_99' title='bbox 883 1257 967 1308; x_wconf 90' lang='lat' dir='ltr'>pecu·</span> 
     </span>
     <span class='ocr_line' id='line_1_17' title="bbox 161 1311 967 1378; baseline 0.004 -18"><span class='ocrx_word' id='word_1_100' title='bbox 161 1312 237 1362; x_wconf 84' lang='lat' dir='ltr'>niam</span> <span class='ocrx_word' id='word_1_101' title='bbox 249 1316 332 1378; x_wconf 85' lang='lat' dir='ltr'>atque</span> <span class='ocrx_word' id='word_1_102' title='bbox 344 1326 430 1378; x_wconf 88' lang='lat' dir='ltr'>equos</span> <span class='ocrx_word' id='word_1_103' title='bbox 442 1312 518 1363; x_wconf 90' lang='lat' dir='ltr'>inter</span> <span class='ocrx_word' id='word_1_104' title='bbox 528 1327 559 1363; x_wconf 87' lang='lat' dir='ltr'>se</span> <span class='ocrx_word' id='word_1_105' title='bbox 571 1312 669 1377; x_wconf 88' lang='lat' dir='ltr'>partiti</span> <span class='ocrx_word' id='word_1_106' title='bbox 679 1318 758 1374; x_wconf 88' lang='lat' dir='ltr'>sunt;</span> <span class='ocrx_word' id='word_1_107' title='bbox 774 1311 887 1363; x_wconf 85' lang='lat' dir='ltr'>obsides</span> <span class='ocrx_word' id='word_1_108' title='bbox 899 1312 967 1363; x_wconf 90' lang='lat' dir='ltr'>civi·</span> 
     </span>
     <span class='ocr_line' id='line_1_18' title="bbox 160 1380 966 1449; baseline 0.001 -18"><span class='ocrx_word' id='word_1_109' title='bbox 160 1387 249 1432; x_wconf 85' lang='lat' dir='ltr'>tatum</span> <span class='ocrx_word' id='word_1_110' title='bbox 261 1381 393 1433; x_wconf 83' lang='lat' dir='ltr'>Bibracte</span> <span class='ocrx_word' id='word_1_111' title='bbox 405 1381 440 1432; x_wconf 92' lang='lat' dir='ltr'>ad</span> <span class='ocrx_word' id='word_1_112' title='bbox 451 1382 646 1449; x_wconf 88' lang='lat' dir='ltr'>magistratum</span> <span class='ocrx_word' id='word_1_113' title='bbox 661 1380 839 1434; x_wconf 87' lang='lat' dir='ltr'>deducendos</span> <span class='ocrx_word' id='word_1_114' title='bbox 851 1396 966 1432; x_wconf 88' lang='lat' dir='ltr'>curave·</span> 
     </span>
     <span class='ocr_line' id='line_1_19' title="bbox 161 1450 965 1518; baseline -0.001 -16"><span class='ocrx_word' id='word_1_115' title='bbox 161 1457 240 1514; x_wconf 89' lang='lat' dir='ltr'>runt;</span> <span class='ocrx_word' id='word_1_116' title='bbox 262 1450 402 1518; x_wconf 91' lang='lat' dir='ltr'>oppidum,</span> <span class='ocrx_word' id='word_1_117' title='bbox 424 1451 497 1518; x_wconf 91' lang='lat' dir='ltr'>quod</span> <span class='ocrx_word' id='word_1_118' title='bbox 509 1453 542 1503; x_wconf 89' lang='lat' dir='ltr'>ab</span> <span class='ocrx_word' id='word_1_119' title='bbox 554 1467 585 1504; x_wconf 93' lang='lat' dir='ltr'>se</span> <span class='ocrx_word' id='word_1_120' title='bbox 596 1453 689 1503; x_wconf 87' lang='lat' dir='ltr'>teneri</span> <span class='ocrx_word' id='word_1_121' title='bbox 700 1466 755 1502; x_wconf 94' lang='lat' dir='ltr'>non</span> <span class='ocrx_word' id='word_1_122' title='bbox 767 1467 849 1518; x_wconf 89' lang='lat' dir='ltr'>posse</span> <span class='ocrx_word' id='word_1_123' title='bbox 860 1450 965 1502; x_wconf 90' lang='lat' dir='ltr'>iudica·</span> 
     </span>
     <span class='ocr_line' id='line_1_20' title="bbox 160 1519 965 1584; baseline -0.001 -12"><span class='ocrx_word' id='word_1_124' title='bbox 160 1521 238 1584; x_wconf 89' lang='lat' dir='ltr'>bant,</span> <span class='ocrx_word' id='word_1_125' title='bbox 259 1536 294 1573; x_wconf 90' lang='lat' dir='ltr'>ne</span> <span class='ocrx_word' id='word_1_126' title='bbox 306 1522 352 1572; x_wconf 90' lang='lat' dir='ltr'>cui</span> <span class='ocrx_word' id='word_1_127' title='bbox 363 1527 439 1573; x_wconf 83' lang='lat' dir='ltr'>esset</span> <span class='ocrx_word' id='word_1_128' title='bbox 449 1522 514 1574; x_wconf 88' lang='lat' dir='ltr'>usui</span> <span class='ocrx_word' id='word_1_129' title='bbox 523 1522 666 1584; x_wconf 84' lang='lat' dir='ltr'>Romanis,</span> <span class='ocrx_word' id='word_1_130' title='bbox 687 1522 885 1584; x_wconf 83' lang='lat' dir='ltr'>incenderunt3</span> <span class='ocrx_word' id='word_1_131' title='bbox 907 1519 965 1571; x_wconf 82' lang='lat' dir='ltr'>fru-</span> 
     </span>
     <span class='ocr_line' id='line_1_21' title="bbox 160 1590 965 1658; baseline -0.002 -16"><span class='ocrx_word' id='word_1_132' title='bbox 160 1590 252 1642; x_wconf 89' lang='lat' dir='ltr'>menti</span> <span class='ocrx_word' id='word_1_133' title='bbox 272 1591 347 1657; x_wconf 92' lang='lat' dir='ltr'>quod</span> <span class='ocrx_word' id='word_1_134' title='bbox 371 1592 464 1642; x_wconf 87' lang='lat' dir='ltr'>subito</span> <span class='ocrx_word' id='word_1_135' title='bbox 484 1597 637 1658; x_wconf 88' lang='lat' dir='ltr'>potuerunt</span> <span class='ocrx_word' id='word_1_136' title='bbox 662 1592 778 1642; x_wconf 89' lang='lat' dir='ltr'>navibus</span> <span class='ocrx_word' id='word_1_137' title='bbox 800 1597 965 1652; x_wconf 84' lang='lat' dir='ltr'>avexerunt,</span> 
     </span>
     <span class='ocr_line' id='line_1_22' title="bbox 159 1660 962 1726; baseline 0 -16"><span class='ocrx_word' id='word_1_138' title='bbox 159 1660 297 1726; x_wconf 86' lang='lat' dir='ltr'>reliquum</span> <span class='ocrx_word' id='word_1_139' title='bbox 313 1660 428 1712; x_wconf 89' lang='lat' dir='ltr'>llumine</span> <span class='ocrx_word' id='word_1_140' title='bbox 444 1666 527 1726; x_wconf 85' lang='lat' dir='ltr'>atquo</span> <span class='ocrx_word' id='word_1_141' title='bbox 538 1661 669 1712; x_wconf 90' lang='lat' dir='ltr'>incendio</span> <span class='ocrx_word' id='word_1_142' title='bbox 681 1667 878 1725; x_wconf 91' lang='lat' dir='ltr'>corruperunt;</span> <span class='ocrx_word' id='word_1_143' title='bbox 909 1661 962 1726; x_wconf 88' lang='lat' dir='ltr'>ipsi</span> 
     </span>
     <span class='ocr_line' id='line_1_23' title="bbox 160 1727 962 1796; baseline 0 -16"><span class='ocrx_word' id='word_1_144' title='bbox 160 1743 197 1780; x_wconf 85' lang='lat' dir='ltr'>ex</span> <span class='ocrx_word' id='word_1_145' title='bbox 207 1727 336 1780; x_wconf 79' lang='lat' dir='ltr'>finitimis</span> <span class='ocrx_word' id='word_1_146' title='bbox 348 1730 511 1796; x_wconf 83' lang='lat' dir='ltr'>regionibus</span> <span class='ocrx_word' id='word_1_147' title='bbox 522 1730 618 1794; x_wconf 88' lang='lat' dir='ltr'>copias</span> <span class='ocrx_word' id='word_1_148' title='bbox 629 1743 730 1796; x_wconf 88' lang='lat' dir='ltr'>cogere</span> <span class='ocrx_word' id='word_1_149' title='bbox 737 1765 746 1791; x_wconf 92' lang='lat'>,</span> <span class='ocrx_word' id='word_1_150' title='bbox 763 1729 905 1794; x_wconf 89' lang='lat' dir='ltr'>praesidia</span> <span class='ocrx_word' id='word_1_151' title='bbox 916 1745 962 1780; x_wconf 90' lang='lat' dir='ltr'>cu·</span> 
     </span>
     <span class='ocr_line' id='line_1_24' title="bbox 158 1797 963 1865; baseline 0 -16"><span class='ocrx_word' id='word_1_152' title='bbox 158 1798 322 1864; x_wconf 84' lang='lat' dir='ltr'>stodiasque</span> <span class='ocrx_word' id='word_1_153' title='bbox 333 1798 369 1849; x_wconf 88' lang='lat' dir='ltr'>od</span> <span class='ocrx_word' id='word_1_154' title='bbox 380 1799 455 1863; x_wconf 85' lang='lat' dir='ltr'>ripas</span> <span class='ocrx_word' id='word_1_155' title='bbox 467 1797 578 1865; x_wconf 79' lang='lat' dir='ltr'>Ligeris</span> <span class='ocrx_word' id='word_1_156' title='bbox 590 1798 741 1864; x_wconf 84' lang='lat' dir='ltr'>disponere</span> <span class='ocrx_word' id='word_1_157' title='bbox 753 1798 963 1863; x_wconf 81' lang='lat' dir='ltr'>equitatumque</span> 
     </span>
     <span class='ocr_line' id='line_1_25' title="bbox 159 1866 963 1928; baseline 0.001 -12"><span class='ocrx_word' id='word_1_158' title='bbox 159 1867 288 1917; x_wconf 86' lang='lat' dir='ltr'>omnibus</span> <span class='ocrx_word' id='word_1_159' title='bbox 299 1867 382 1928; x_wconf 91' lang='lat' dir='ltr'>locis,</span> <span class='ocrx_word' id='word_1_160' title='bbox 409 1867 555 1917; x_wconf 90' lang='lat' dir='ltr'>iniiciendi</span> <span class='ocrx_word' id='word_1_161' title='bbox 566 1866 675 1918; x_wconf 89' lang='lat' dir='ltr'>timoris</span> <span class='ocrx_word' id='word_1_162' title='bbox 687 1880 795 1928; x_wconf 84' lang='lat' dir='ltr'>caussa,</span> <span class='ocrx_word' id='word_1_163' title='bbox 817 1871 963 1917; x_wconf 86' lang='lat' dir='ltr'>ostentare</span> 
     </span>
     <span class='ocr_line' id='line_1_26' title="bbox 158 1934 962 2002; baseline -0.004 -15"><span class='ocrx_word' id='word_1_164' title='bbox 158 1941 320 2002; x_wconf 78' lang='lat' dir='ltr'>coeperunt,</span> <span class='ocrx_word' id='word_1_165' title='bbox 331 1936 356 1987; x_wconf 87' lang='lat' dir='ltr'>si</span> <span class='ocrx_word' id='word_1_166' title='bbox 367 1937 402 1986; x_wconf 91' lang='lat' dir='ltr'>ab</span> <span class='ocrx_word' id='word_1_167' title='bbox 413 1951 444 1988; x_wconf 89' lang='lat' dir='ltr'>re</span> <span class='ocrx_word' id='word_1_168' title='bbox 454 1935 640 1988; x_wconf 83' lang='lat' dir='ltr'>frumentaria</span> <span class='ocrx_word' id='word_1_169' title='bbox 650 1935 791 1986; x_wconf 88' lang='lat' dir='ltr'>Romanos</span> <span class='ocrx_word' id='word_1_170' title='bbox 803 1934 962 1997; x_wconf 84' lang='lat' dir='ltr'>excludere,</span> 
     </span>
     <span class='ocr_line' id='line_1_27' title="bbox 158 2005 961 2072; baseline -0.004 -15"><span class='ocrx_word' id='word_1_171' title='bbox 158 2011 208 2058; x_wconf 80' lang='lat' dir='ltr'>aut</span> <span class='ocrx_word' id='word_1_172' title='bbox 218 2005 354 2057; x_wconf 78' lang='lat' dir='ltr'>adductos</span> <span class='ocrx_word' id='word_1_173' title='bbox 365 2006 462 2072; x_wconf 89' lang='lat' dir='ltr'>inopia</span> <span class='ocrx_word' id='word_1_174' title='bbox 472 2020 508 2057; x_wconf 86' lang='lat' dir='ltr'>ex</span> <span class='ocrx_word' id='word_1_175' title='bbox 517 2006 661 2072; x_wconf 83' lang='lat' dir='ltr'>provincia</span> <span class='ocrx_word' id='word_1_176' title='bbox 672 2005 819 2057; x_wconf 79' lang='lat' dir='ltr'>excludere</span> <span class='ocrx_word' id='word_1_177' title='bbox 834 2012 961 2071; x_wconf 87' lang='lat' dir='ltr'>possent.</span> 
     </span>
    </p>
   </div>
   <div class='ocr_carea' id='block_1_3' title="bbox 158 2073 1065 2143">
    <p class='ocr_par' dir='ltr' id='par_1_3' title="bbox 158 2073 1065 2143">
     <span class='ocr_line' id='line_1_28' title="bbox 158 2073 1065 2143; baseline -0.003 -16"><span class='ocrx_word' id='word_1_178' title='bbox 158 2077 247 2138; x_wconf 76' lang='lat' dir='ltr'>Quam</span> <span class='ocrx_word' id='word_1_179' title='bbox 260 2076 294 2126; x_wconf 89' lang='lat' dir='ltr'>ad</span> <span class='ocrx_word' id='word_1_180' title='bbox 306 2091 384 2143; x_wconf 90' lang='lat' dir='ltr'>spem</span> <span class='ocrx_word' id='word_1_181' title='bbox 399 2076 517 2126; x_wconf 88' lang='lat' dir='ltr'>multum</span> <span class='ocrx_word' id='word_1_182' title='bbox 534 2088 582 2126; x_wconf 89' lang='lat' dir='ltr'>eos</span> <span class='ocrx_word' id='word_1_183' title='bbox 598 2074 759 2136; x_wconf 83' lang='lat' dir='ltr'>adiurabat,</span> <span class='ocrx_word' id='word_1_184' title='bbox 790 2074 863 2142; x_wconf 91' lang='lat' dir='ltr'>quod</span> <span class='ocrx_word' id='word_1_185' title='bbox 873 2073 962 2141; x_wconf 80' lang='lat' dir='ltr'>Liger</span> <span class='ocrx_word' id='word_1_186' title='bbox 1060 2119 1065 2130; x_wconf 86' lang='grc'>,</span> 
     </span>
    </p>
   </div>
   <div class='ocr_carea' id='block_1_4' title="bbox 155 2144 963 2775">
    <p class='ocr_par' dir='ltr' id='par_1_4' title="bbox 157 2144 961 2268">
     <span class='ocr_line' id='line_1_29' title="bbox 158 2144 961 2212; baseline -0.002 -13"><span class='ocrx_word' id='word_1_187' title='bbox 158 2162 195 2199; x_wconf 84' lang='lat' dir='ltr'>ex</span> <span class='ocrx_word' id='word_1_188' title='bbox 205 2146 318 2198; x_wconf 75' lang='lat' dir='ltr'>nivibus</span> <span class='ocrx_word' id='word_1_189' title='bbox 328 2151 463 2210; x_wconf 86' lang='lat' dir='ltr'>creverat,</span> <span class='ocrx_word' id='word_1_190' title='bbox 474 2151 506 2197; x_wconf 94' lang='lat' dir='ltr'>ut</span> <span class='ocrx_word' id='word_1_191' title='bbox 517 2144 630 2198; x_wconf 92' lang='lat' dir='ltr'>omnino</span> <span class='ocrx_word' id='word_1_192' title='bbox 641 2145 961 2212; x_wconf 85' lang='lat' dir='ltr'>vadononpossctrans·</span> 
     </span>
     <span class='ocr_line' id='line_1_30' title="bbox 157 2217 357 2268; baseline -0.01 0"><span class='ocrx_word' id='word_1_193' title='bbox 157 2218 196 2268; x_wconf 92' lang='lat' dir='ltr'>iri</span> <span class='ocrx_word' id='word_1_194' title='bbox 206 2217 357 2268; x_wconf 88' lang='lat' dir='ltr'>rideretur.</span> 
     </span>
    </p>

    <p class='ocr_par' dir='ltr' id='par_1_5' title="bbox 155 2285 963 2775">
     <span class='ocr_line' id='line_1_31' title="bbox 209 2285 961 2354; baseline 0 -16"><span class='ocrx_word' id='word_1_195' title='bbox 209 2287 283 2339; x_wconf 90' lang='lat' dir='ltr'>LVl.</span> <span class='ocrx_word' id='word_1_196' title='bbox 302 2285 409 2349; x_wconf 72' lang='lat' dir='ltr'>Quibus</span> <span class='ocrx_word' id='word_1_197' title='bbox 420 2285 502 2338; x_wconf 90' lang='lat' dir='ltr'>rebus</span> <span class='ocrx_word' id='word_1_198' title='bbox 508 2285 641 2354; x_wconf 89' lang='lat' dir='ltr'>cognitis,</span> <span class='ocrx_word' id='word_1_199' title='bbox 653 2286 758 2338; x_wconf 83' lang='lat' dir='ltr'>Caesar</span> <span class='ocrx_word' id='word_1_200' title='bbox 766 2285 961 2338; x_wconf 84' lang='lat' dir='ltr'>maturandum</span> 
     </span>
     <span class='ocr_line' id='line_1_32' title="bbox 156 2355 963 2424; baseline 0 -16"><span class='ocrx_word' id='word_1_201' title='bbox 156 2356 214 2409; x_wconf 88' lang='lat' dir='ltr'>sibi</span> <span class='ocrx_word' id='word_1_202' title='bbox 228 2357 352 2419; x_wconf 87' lang='lat' dir='ltr'>censuit,</span> <span class='ocrx_word' id='word_1_203' title='bbox 383 2358 408 2408; x_wconf 89' lang='lat' dir='ltr'>si</span> <span class='ocrx_word' id='word_1_204' title='bbox 425 2361 501 2410; x_wconf 87' lang='lat' dir='ltr'>esset</span> <span class='ocrx_word' id='word_1_205' title='bbox 510 2355 540 2406; x_wconf 91' lang='lat' dir='ltr'>in</span> <span class='ocrx_word' id='word_1_206' title='bbox 551 2356 730 2422; x_wconf 82' lang='lat' dir='ltr'>perficiendis</span> <span class='ocrx_word' id='word_1_207' title='bbox 746 2357 879 2424; x_wconf 88' lang='lat' dir='ltr'>pontibus</span> <span class='ocrx_word' id='word_1_208' title='bbox 889 2359 963 2424; x_wconf 88' lang='lat' dir='ltr'>peri·</span> 
     </span>
     <span class='ocr_line' id='line_1_33' title="bbox 156 2426 959 2495; baseline 0.001 -18"><span class='ocrx_word' id='word_1_209' title='bbox 156 2426 318 2489; x_wconf 80' lang='lat' dir='ltr'>elitandum,</span> <span class='ocrx_word' id='word_1_210' title='bbox 330 2432 362 2479; x_wconf 94' lang='lat' dir='ltr'>ut</span> <span class='ocrx_word' id='word_1_211' title='bbox 371 2428 458 2495; x_wconf 91' lang='lat' dir='ltr'>prius,</span> <span class='ocrx_word' id='word_1_212' title='bbox 470 2441 551 2492; x_wconf 91' lang='lat' dir='ltr'>quam</span> <span class='ocrx_word' id='word_1_213' title='bbox 564 2432 660 2479; x_wconf 89' lang='lat' dir='ltr'>essent</span> <span class='ocrx_word' id='word_1_214' title='bbox 671 2428 793 2478; x_wconf 87' lang='lat' dir='ltr'>maiores</span> <span class='ocrx_word' id='word_1_215' title='bbox 805 2434 959 2478; x_wconf 87' lang='lat' dir='ltr'>eocoactae</span> 
     </span>
     <span class='ocr_line' id='line_1_34' title="bbox 156 2495 959 2562; baseline 0.004 -17"><span class='ocrx_word' id='word_1_216' title='bbox 156 2497 267 2562; x_wconf 85' lang='lat' dir='ltr'>copiae,</span> <span class='ocrx_word' id='word_1_217' title='bbox 295 2497 450 2549; x_wconf 88' lang='lat' dir='ltr'>dimicaret.</span> <span class='ocrx_word' id='word_1_218' title='bbox 485 2495 570 2558; x_wconf 89' lang='lat' dir='ltr'>Num,</span> <span class='ocrx_word' id='word_1_219' title='bbox 595 2503 627 2547; x_wconf 93' lang='lat' dir='ltr'>ut</span> <span class='ocrx_word' id='word_1_220' title='bbox 648 2502 818 2548; x_wconf 85' lang='lat' dir='ltr'>commutato</span> <span class='ocrx_word' id='word_1_221' title='bbox 841 2498 959 2548; x_wconf 87' lang='lat' dir='ltr'>consilio</span> 
     </span>
     <span class='ocr_line' id='line_1_35' title="bbox 156 2564 959 2632; baseline 0.004 -19"><span class='ocrx_word' id='word_1_222' title='bbox 156 2564 212 2615; x_wconf 86' lang='lat' dir='ltr'>iter</span> <span class='ocrx_word' id='word_1_223' title='bbox 222 2566 251 2616; x_wconf 93' lang='lat' dir='ltr'>in</span> <span class='ocrx_word' id='word_1_224' title='bbox 262 2568 433 2632; x_wconf 89' lang='lat' dir='ltr'>provinciam</span> <span class='ocrx_word' id='word_1_225' title='bbox 445 2572 631 2628; x_wconf 75' lang='lat' dir='ltr'>converteret,</span> <span class='ocrx_word' id='word_1_226' title='bbox 642 2566 672 2618; x_wconf 93' lang='lat' dir='ltr'>id</span> <span class='ocrx_word' id='word_1_227' title='bbox 684 2581 763 2618; x_wconf 89' lang='lat' dir='ltr'>nemo</span> <span class='ocrx_word' id='word_1_228' title='bbox 775 2566 959 2631; x_wconf 89' lang='lat' dir='ltr'>tuncquidem</span> 
     </span>
     <span class='ocr_line' id='line_1_36' title="bbox 155 2636 958 2704; baseline 0.002 -22"><span class='ocrx_word' id='word_1_229' title='bbox 155 2637 318 2686; x_wconf 82' lang='lat' dir='ltr'>necessario</span> <span class='ocrx_word' id='word_1_230' title='bbox 334 2636 497 2688; x_wconf 81' lang='lat' dir='ltr'>faciundum</span> <span class='ocrx_word' id='word_1_231' title='bbox 514 2638 705 2700; x_wconf 83' lang='lat' dir='ltr'>existimabat,</span> <span class='ocrx_word' id='word_1_232' title='bbox 736 2651 818 2704; x_wconf 90' lang='lat' dir='ltr'>quum</span> <span class='ocrx_word' id='word_1_233' title='bbox 834 2636 907 2702; x_wconf 91' lang='lat' dir='ltr'>quod</span> <span class='ocrx_word' id='word_1_234' title='bbox 916 2636 958 2685; x_wconf 90' lang='lat' dir='ltr'>in-</span> 
     </span>
     <span class='ocr_line' id='line_1_37' title="bbox 156 2702 959 2775; baseline 0.001 -20"><span class='ocrx_word' id='word_1_235' title='bbox 156 2702 242 2756; x_wconf 82' lang='lat' dir='ltr'>famia</span> <span class='ocrx_word' id='word_1_236' title='bbox 252 2711 334 2772; x_wconf 87' lang='lat' dir='ltr'>atque</span> <span class='ocrx_word' id='word_1_237' title='bbox 345 2707 501 2775; x_wconf 87' lang='lat' dir='ltr'>indignitas</span> <span class='ocrx_word' id='word_1_238' title='bbox 513 2707 556 2760; x_wconf 82' lang='lat' dir='ltr'>rei</span> <span class='ocrx_word' id='word_1_239' title='bbox 569 2713 599 2760; x_wconf 88' lang='lat' dir='ltr'>et</span> <span class='ocrx_word' id='word_1_240' title='bbox 609 2709 753 2775; x_wconf 88' lang='lat' dir='ltr'>oppositus</span> <span class='ocrx_word' id='word_1_241' title='bbox 764 2724 844 2762; x_wconf 91' lang='lat' dir='ltr'>mons</span> <span class='ocrx_word' id='word_1_242' title='bbox 857 2709 959 2760; x_wconf 82' lang='lat' dir='ltr'>Geren·</span> 
     </span>
    </p>
   </div>
   <div class='ocr_carea' id='block_1_5' title="bbox 0 0 1088 3134">
    <p class='ocr_par' dir='ltr' id='par_1_6' title="bbox 0 0 1088 3134">
     <span class='ocr_line' id='line_1_38' title="bbox 0 0 1088 3134; baseline 0 3"><span class='ocrx_word' id='word_1_243' title='bbox 0 0 1088 3134; x_wconf 95' lang='lat' dir='ltr'> </span> 
     </span>
    </p>
   </div>
  </div>
 </body>
</html>
