2152 3132
341 139 492 198 LIBER
526 99 599 198 vlt.
820 142 874 204 ῙΗ

65 245 107 305 tis
120 257 271 309 concessu,
292 260 375 316 quarn
390 247 515 314 ipsorum
531 246 635 301 hahere
645 249 797 305 beneficius
819 250 874 307 salt

67 316 151 372 modo
163 317 312 370 adcusatus
324 317 360 367 acl
371 315 441 368 haec
451 319 606 387 respondit:
628 319 707 384 Quod
715 330 808 374 eastra
818 337 872 375 mo·
950 321 963 360 '-

68 389 162 450 risset,
178 387 289 459 factum
299 386 393 454 inopia
400 387 505 454 patuli,
517 389 597 440 etiarn
608 388 675 457 ipsis
686 389 872 444 hortantibus:

68 458 138 528 puod
143 455 259 526 propius
269 454 405 508 Romanos
417 458 584 522 accessisset,
592 475 752 527 persuasum
764 460 816 512 loci
827 478 872 528 op·

65 526 245 597 portunitate,
256 525 340 594 quise
351 525 439 593 ipsum
449 527 598 580 munitione
610 529 779 602 defenderet:
800 529 872 598 equi·

67 597 124 650 turn
136 613 198 648 ocra
210 611 319 664 operam
329 611 411 664 neque
422 596 452 648 in
462 599 519 649 ioco
531 599 654 666 palustri
669 599 819 652 desiderari
831 599 884 651 de·.

66 665 263 729 tuisse,etittis
268 665 358 737 ficisse
368 667 525 735 utilem,qno
537 667 592 720 sint
598 669 734 741 projecti:
744 684 875 722 sansonem

65 735 175 806 imperii
185 752 213 786 se
222 737 341 788 consulto
355 735 425 788 nulii
439 737 612 792 discedentem
628 739 785 802 tradidisse,
806 738 875 792 neit

67 805 250 859 multitudinis
261 804 348 857 studio
364 807 402 856 ad
416 806 593 860 dimicandum
608 807 793 876 impelleretur
798 826 810 870 ,·
827 808 877 861 cui

68 874 109 928 r'ci
115 885 231 944 propter
241 874 325 928 animi
335 874 473 930 mollitiem
482 877 800 943 studereomnesrideret,
807 877 879 946 quod

70 945 172 998 diutins
192 945 309 997 laborem
324 946 406 1016 ferre
421 964 473 999 non
490 957 608 1014 possent.
644 946 761 1002 Romani
777 948 802 1000 si
811 963 877 1000 casu

69 1015 279 1078 intervenerint,
294 1015 446 1087 fortunae;
472 1016 496 1068 si
517 1017 632 1070 alicuius
653 1018 753 1071 indicio
775 1018 877 1081 vocati,

71 1085 133 1138 icuic
144 1083 289 1137 tradendam
297 1085 429 1154 gratiam,
445 1087 517 1155 quod
525 1097 552 1138 et
559 1087 727 1156 paucitatem
738 1106 830 1142 eornm
842 1105 877 1140 ex

70 1159 128 1208 Ioco
139 1154 278 1224 superiore
288 1170 458 1236 cognoscere,
475 1166 502 1209 et
512 1157 640 1210 virtutem
651 1159 786 1227 despicere
794 1167 876 1226 potu·

71 1226 161 1288 erint;
182 1225 242 1292 qui,
264 1224 393 1277 dimicare
409 1243 463 1279 non
478 1226 552 1292 ansi,
574 1228 696 1297 turpiter
707 1245 734 1279 se
745 1228 775 1281 in
785 1238 877 1279 castra

69 1295 229 1364 receperint.
265 1293 413 1363 Imperium
423 1312 450 1347 se
462 1296 495 1347 ah
509 1295 626 1348 Caesare
634 1315 686 1366 per
693 1297 876 1366 proditionem
962 1337 966 1342 .

69 1369 173 1420 nullum
184 1363 348 1428 desiderare,
370 1366 440 1432 prod
450 1365 547 1417 hahere
558 1367 674 1418 uictoria
681 1375 786 1434 posset,
808 1381 877 1434 puae

69 1439 128 1489 iam
139 1444 206 1488 esset
220 1433 273 1487 sibi
293 1443 374 1503 atque
394 1435 514 1488 omnibns
529 1436 616 1488 Gallis
633 1439 790 1503 explorata:
811 1435 878 1502 puin

69 1507 154 1560 etiam
165 1503 231 1573 ipsis
241 1503 393 1568 remittere,
415 1505 439 1556 si
449 1505 502 1556 sibi
512 1505 601 1575 nangis
612 1504 737 1557 honorem
748 1505 877 1566 tribuere,

68 1593 150 1646 paam
161 1576 194 1627 oi
206 1590 233 1626 se
243 1577 356 1627 salutem
373 1575 495 1644 accipere
510 1575 661 1628 uideantur.
697 1573 774 1626 Haec
789 1582 823 1627 at
835 1573 877 1628 in·

69 1645 220 1716 tetlegatis,
242 1646 346 1713 inquit,
367 1663 385 1697 a
399 1662 440 1697 me
455 1646 557 1699 sincere
570 1644 763 1714 pronunciari,
784 1643 878 1696 audite

67 1716 205 1768 Roncunos
220 1715 327 1768 milites.
364 1715 498 1768 Producit
513 1731 622 1780 servos,
639 1731 708 1784 quos
720 1715 750 1767 in
761 1713 876 1782 pabulo·

69 1787 256 1854 tinncpaucis
268 1792 334 1836 onte
346 1785 444 1868 diebus
457 1793 607 1854 exceperat
618 1792 647 1838 et
658 1785 732 1838 inme
743 1785 877 1839 vinculis·

69 1873 124 1925 qne
137 1856 356 1908 excruciarerot.
381 1856 431 1918 Hi,
443 1856 498 1906 iarn
512 1861 577 1908 ante
590 1856 692 1920 edocti,
704 1872 776 1924 quac
788 1857 876 1908 intet-

70 1927 164 1994 rogati
179 1926 413 1996 pronunciarent,
433 1924 531 1977 milites
542 1942 570 1976 se
581 1941 636 1978 esse
650 1925 816 1995 legionarios
834 1923 876 1976 ‹ti-

69 2002 151 2047 cunt:
190 2011 248 2047 ame
264 2003 291 2045 et
305 1992 397 2061 inopia
408 1994 534 2047 adductos
546 1997 614 2048 ctam
626 2013 659 2049 ex
670 1996 768 2048 castris
779 1991 876 2057 exiss'e,

68 2065 93 2116 si
105 2065 152 2133 qui
175 2064 311 2137 frumenti
322 2073 371 2115 aut
378 2065 484 2131 pecoris
494 2064 523 2118 in
534 2065 611 2135 agris
622 2067 744 2135 reperire
751 2073 877 2135 possent.-

68 2135 153 2188 simili
169 2151 271 2186 ornnem
284 2133 430 2196 exercitum
446 2134 540 2202 inopia
557 2135 660 2202 premi,
682 2154 729 2189 nec
740 2135 794 2187 iam
805 2135 876 2186 vires

67 2205 196 2273 sufficere
207 2202 396 2272 cuiqaom,nec
402 2204 482 2276 ferre
493 2205 583 2272 operis
594 2205 712 2258 laborem
719 2219 812 2273 posse.-
824 2204 877 2254 ito·

68 2293 120 2347 pue
141 2273 267 2327 statuisse
287 2272 491 2341 imperatorem,
512 2273 536 2325 ei
548 2273 617 2328 nitu
631 2275 661 2328 in
675 2272 877 2344 oppugnatione

67 2345 167 2414 oppidi
173 2342 346 2414 profecisset,
358 2343 447 2395 triduo
459 2343 607 2396 exercitam
618 2346 754 2398 deducere.
790 2340 877 2403 Haec,

67 2417 172 2484 inquit,
190 2429 266 2477 ame,
277 2412 504 2480 Vercingetorix,
520 2413 650 2483 beneficio
661 2411 778 2476 iubetis,
800 2424 877 2479 pam

65 2481 233 2555 proditionis
253 2482 435 2546 insimulatis,
449 2482 524 2535 cuius
546 2497 628 2551 opera
642 2483 698 2536 sine
713 2491 800 2536 oestro
816 2495 878 2534 sart·

64 2555 271 2625 guine'tantum
282 2551 429 2606 exercitum
439 2550 569 2606 victorem
574 2553 653 2626 fame
659 2567 747 2623 paene
757 2564 876 2606 consuas·

68 2634 127 2678 tum
134 2622 232 2675 ridetis
238 2638 249 2684 ;
259 2637 343 2690 quem,
352 2621 471 2704 turpiter
479 2640 507 2675 se
515 2639 549 2678 ex
558 2622 608 2676 nac
614 2622 877 2706 fugareeipientem,

66 2708 168 2764 crpus
179 2689 877 2774 cisitumisfinstusrecipiatumeprrrsntmest.
