2180 3140
376 176 527 228 LIBER
561 177 618 228 111.
844 175 895 232 30⁷

92 280 172 350 regni
177 288 351 349 procurator,
361 278 391 330 in
398 288 480 345 parte
493 277 626 342 caesaria,
643 281 711 331 clam
723 295 782 333 cam
788 279 895 334 Aebura

93 350 155 420 agit
164 360 191 402 et
200 367 217 402 a
233 347 350 402 Caesare
360 349 534 420 interficitua
566 347 640 403 Haec
650 347 732 402 initia
742 348 805 402 terri
814 349 894 406 Alex·

4 413 5 452 ³
89 416 210 486 ,murino

394 529 582 544 *hv-—

89 621 91 626 ’
145 627 165 678 1.
184 591 347 679 Dictatore
359 625 480 679 habente
492 628 605 679 comitia
616 627 745 690 Caesare,
767 607 896 680 donsules

93 703 225 749 creantur
237 696 324 748 lulius
336 697 439 764 Caesar
451 704 479 748 et
495 697 525 750 P.
538 697 683 750 Servilius:
704 698 729 748 is
747 699 820 750 enim
836 703 898 748 erat

89 783 196 832 annus,
218 780 272 833 quo
285 781 335 832 per
344 767 422 834 leges
434 768 464 818 ei
473 769 614 820 consulem
625 767 687 818 tieri
702 766 808 819 liceret.
843 766 897 833 His

94 837 178 888 rebus
190 835 338 898 confectis,
359 833 447 904 quum
463 837 532 888 tides
548 842 609 888 tota
624 838 707 888 Italia
721 844 797 890 essct
813 851 898 903 angn-

93 906 179 968 stior,
199 921 289 974 neque
302 906 425 958 creditae
441 907 576 974 pecuniae
587 908 775 970 solverentur,
794 905 897 960 consti·

93 976 158 1038 tuit,
169 980 201 1026 ut
211 975 311 1027 arbitri
322 975 472 1040 darentur;
491 993 541 1044 per
553 993 601 1030 eos
612 977 715 1030 fierent
725 977 895 1030 aestimatio*

92 1061 144 1096 nes
155 1046 364 1112 possessionum
376 1051 404 1098 et
415 1061 521 1109 rerum,
542 1050 637 1116 quanti
659 1063 784 1116 quaeque
799 1061 896 1100 earum

93 1117 158 1166 ante
170 1117 272 1166 beilum
286 1114 419 1178 fuissent,
428 1115 430 1120 ’
440 1121 522 1186 atque
532 1115 588 1169 'eae
601 1118 787 1170 creditoribus
807 1123 897 1168 trans·

93 1185 236 1236 oerentun
272 1185 335 1236 Hoc
347 1190 375 1236 et
385 1186 426 1237 ad'
435 1187 565 1239 timorem
582 1203 715 1238 novarum
738 1187 896 1238 tabularum

90 1255 247 1306 tollendum
259 1256 509 1323 minuendumque,
529 1258 577 1323 qni
591 1255 651 1308 fere
669 1257 743 1308 belia
755 1263 786 1308 et
799 1251 895 1306 civiles

92 1325 281 1376 dissensiones
292 1325 369 1392 sequi
382 1327 536 1390 consuerit,
558 1334 587 1376 et
599 1326 634 1378 ad
646 1326 804 1377 debitorum
814 1331 896 1376 tuen·

92 1394 156 1446 dam
174 1395 422 1455 existimationem,
445 1409 507 1446 esse
523 1396 696 1462 aptissimum
714 1394 899 1447 existimarit..

90 1465 174 1525 Item,
195 1464 374 1530 praetoribus
391 1463 567 1532 tribunisque
582 1465 671 1532 plebis
686 1464 848 1532 rogationes
860 1462 898 1514 ad

90 1534 222 1603 populum
241 1533 412 1596 terentibus,
435 1535 609 1597 nonnullos,
622 1535 742 1586 ambitus
764 1533 916 1600 Pompeia

90 1605 155 1672 lege
168 1603 313 1654 daronatos
325 1603 381 1654 iliis
393 1604 574 1672 temporibus,
586 1605 685 1672 quibus
695 1605 724 1654 in
736 1604 895 1669 urbeprae·

91 1675 165 1724 sidia
183 1671 326 1741 legionum
342 1672 491 1739 Pompeius
512 1671 662 1738 habuerat,
679 1677 762 1742 (qnae
782 1673 897 1734 iudicia,

90 1745 154 1794 aliis
165 1743 342 1796 audientibus
352 1743 489 1795 iudicibus
496 1780 504 1806 ,
526 1743 588 1795 aliis
599 1740 768 1796 sententiam
779 1743 896 1796 ferenti-

89 1815 151 1876 bus,
162 1813 278 1881 singulis
290 1813 386 1865 diebus
398 1820 480 1865 erant
490 1813 636 1880 perfecta)
656 1815 686 1866 in
696 1816 838 1882 integrum
850 1829 897 1864 re-

90 1883 196 1948 stituit3
209 1885 257 1952 qui
268 1900 298 1934 se
310 1883 352 1935 illi
363 1883 445 1934 initio
455 1885 543 1936 civilis
553 1885 798 1948 belliobtuierant‚
810 1885 896 1935 sisua

62 1986 64 1990 -
91 1970 178 2022 opera
193 1956 220 2004 in
236 1953 311 2005 bello
323 1955 365 2004 uti
380 1953 478 2016 veliet,
499 1957 616 2021 proinde
639 1957 805 2016 aestimans,
826 1954 896 2006 acsi

89 2040 157 2075 usus
168 2028 252 2086 esset,
274 2024 405 2090 quoniam
425 2025 472 2075 sui
486 2024 622 2077 fecissent
638 2031 819 2092 potestatem:
840 2030 896 2074 sta·

6 2097 7 2102 ’
92 2098 187 2148 tuerat
198 2094 280 2155 enim,
292 2092 342 2144 hos
353 2095 430 2159 prius
441 2095 544 2145 iudicio
555 2097 650 2162 populi
662 2096 762 2147 debere
773 2093 896 2156 restitui,

92 2161 173 2230 quam
185 2178 236 2212 suo
247 2161 383 2214 beneficio
395 2163 484 2214 rideri
495 2172 637 2229 receptos,
659 2181 693 2216 ne
705 2170 754 2214 aut
763 2163 894 2230 ingratus

15 2235 18 2242 ⁴
90 2235 120 2283 in
132 2231 281 2282 referenda
301 2232 407 2300 gratia,
427 2236 476 2282 aut
495 2233 634 2300 adrogans
649 2236 680 2285 in
697 2233 894 2300 praeripiendo

91 2301 187 2370 populi
203 2301 339 2351 beneficio
351 2301 501 2351 videretur.

145 2371 179 2422 ll.
198 2370 251 2420 His
261 2371 356 2432 rebus,
369 2374 397 2420 et
409 2369 487 2420 feriis
497 2371 609 2422 Latinis
621 2373 794 2438 comitiisque
807 2370 893 2422 omni·

90 2445 143 2494 bus
160 2437 340 2506 perficiundis
355 2439 484 2490 undecim
501 2441 560 2490 dies
575 2441 681 2502 tribuit,
703 2442 894 2507 dictaturaque

91 2529 122 2564 se
143 2509 254 2562 abdicat
270 2515 298 2560 et
312 2509 346 2560 ab
367 2510 435 2561 urbe
456 2511 638 2575 proficiscitur
659 2511 894 2578 Brundisiumque

91 2581 227 2652 pervenit.
261 2580 302 2631 Eo
322 2579 448 2647 legiones
464 2579 610 2632 duodecim
627 2586 656 2632 et
670 2582 823 2652 equitatum
837 2596 894 2631 om-

92 2655 156 2706 ne'm
167 2650 261 2703 venire
273 2650 406 2714 iusserat;
426 2650 475 2702 sed
486 2656 594 2702 tantum
605 2653 715 2704 navium
725 2652 844 2718 reperit,
863 2658 895 2700 nt

93 2728 211 2794 anguste
236 2719 392 2790 quindecim
417 2721 495 2774 milia
519 2721 740 2793 legionariorum
766 2721 894 2784 militurn,
