2152 3144
160 207 233 268 fillo
395 211 450 267 DE
470 211 610 266 BELLO
631 209 768 282 etvini

179 331 241 370 esse
258 317 436 382 existimans,
458 321 488 370 et
503 315 592 368 molta
601 315 699 367 virtuti
711 327 807 370 eorum
819 314 983 380 concedens.

177 401 239 440 rem
254 392 346 438 totam
367 387 488 450 distulit3
512 386 708 438 illossecreto
729 388 887 454 castigavit,
908 385 984 455 quod

125 465 128 470 '
179 462 297 524 quaestu
308 459 415 525 equites
425 455 574 519 haberent3
584 457 755 522 monuitque,
768 460 799 506 nt
810 471 845 508 est
856 469 907 508 sua
917 457 987 508 ami·

180 527 247 578 citia
257 529 350 580 omnia
361 531 594 594 exspectarentet
603 541 637 578 cx
648 527 807 592 practer-itis
818 527 875 577 suis
886 524 985 577 officiis

176 596 289 664 reliqua
299 603 454 665 sperarent
484 597 622 664 *Magnam
631 599 727 648 tamen
738 593 868 647 baecres
878 595 933 646 illis
944 593 985 645 of·

171 664 333 718 ¹tensionem
346 673 377 736 et¹
385 664 601 735 contemtionem
612 664 648 716 ad
661 679 756 716 ornnes
768 665 884 716 adtulit:
900 665 984 731 idque

178 737 221 786 ita
232 751 312 799 esse,.
326 752 409 805 quum
421 751 456 788 cx
466 735 585 788 aliorum
607 735 849 798 obiectationibus,
860 740 928 785 tum
945 739 986 785 et·

178 806 284 868 iamex
295 804 446 858 domestico
457 803 560 858 iudicio
572 811 656 871 utque
667 805 754 856 animi
764 804 933 856 couscientia
942 805 985 853 in·

180 872 361 942 tellegebant.
387 876 461 939 tino
475 875 581 942 pudore
592 875 702 926 adducti
715 880 743 926 et
755 872 875 925 fortasse
887 888 940 925 non
953 887 985 924 so

181 945 303 1006 liberari,
325 945 374 998 sed
385 946 414 995 in
425 944 501 996 aliud
514 950 623 1010 ternpus
634 944 771 996 reservari
781 944 920 1006 arbitrati,
931 942 986 994 dis·

138 1025 140 1030 ’
172 1013 280 1065 'cedere
292 1013 327 1064 ab
338 1015 418 1070 nobis
434 1019 462 1066 et
474 1029 573 1072 noram
592 1018 702 1068 tentare
722 1012 865 1066 fortunam
886 1027 985 1070 noras-

179 1098 235 1150 que
246 1084 366 1148 experiri
378 1084 517 1134 amicitias
527 1084 746 1135 constituerunt:
756 1123 757 1130 ,
767 1088 796 1134 et
809 1098 871 1136 cnm
887 1083 985 1149 paucis

181 1153 310 1218 collocuti
322 1153 469 1204 clientibus
480 1155 545 1216 suis,
564 1153 662 1220 quibus
674 1153 900 1204 tantumlaoinus
910 1167 985 1204 com-

181 1224 294 1284 mittere
305 1223 457 1286 audebant,
477 1226 595 1289 primum
612 1225 704 1272 conati
719 1228 792 1286 sunt,
813 1221 985 1289 praefectum
1071 1261 1072 1264 η

182 1293 315 1364 equiturn,
327 1293 354 1344 G.
365 1292 545 1356 Volusenum,
562 1289 732 1356 interlicere,
751 1299 783 1343 ut
792 1297 897 1358 postea,
907 1291 985 1346 bello

181 1361 322 1425 confecto,
343 1364 486 1430 cognitum
503 1369 558 1426 est;
576 1365 608 1412 nt
619 1377 680 1413 cum
693 1377 808 1414 munere
820 1363 912 1429 alliquo
922 1376 986 1428 per-

181 1431 287 1502 fugisse
298 1432 334 1484 ad
344 1432 504 1502 Pompeium
515 1433 684 1485 viderentur.
712 1431 861 1499 Postquam
873 1430 902 1482 id
913 1429 987 1482 diffi-

169 1503 264 1555 cilius
276 1504 364 1555 risum
377 1518 432 1567 esc,
454 1519 545 1571 neque
557 1501 674 1554 facultas
684 1501 987 1569 perficiendi-dabatur¹

182 1571 264 1639 quam
276 1575 411 1624 maximas
422 1577 574 1640 potuerunt
584 1573 714 1639 pecunias
724 1573 853 1634 mutuati,
865 1570 988 1637 ,proinde

181 1658 215 1694 ac
235 1644 293 1693 suis
314 1641 476 1694 satisfacere
497 1648 525 1695 et
544 1641 674 1692 fraudata
697 1643 845 1693 restituere
871 1640 988 1704 vellent,

181 1712 277 1762 multis
289 1712 404 1770 coeuntis
415 1711 502 1778 equis,
523 1711 558 1762 nd
570 1709 913 1777 Pompeiumtransierunt
923 1724 987 1766 cum

181 1780 225 1842 iis,
241 1794 311 1848 quos
322 1781 366 1830 sui
377 1781 483 1831 consilii
495 1780 643 1846 participes
655 1777 802 1831 habebant.

233 1848 305 1908 lalll.
324 1848 401 1910 Quos
413 1848 568 1914 Pompeius,
590 1847 663 1914 quod
683 1854 764 1900 erant
783 1847 901 1900 honesto
920 1845 987 1904 loco

180 1920 240 1970 nati
255 1923 284 1974 et
304 1917 432 1968 instructi
451 1918 603 1969 liberaliter
624 1932 781 1986 magnoque
803 1919 937 1970 comitatu
956 1925 989 1974 et

180 1987 278 2040 moltis
288 1987 419 2040 iumentis
431 1992 574 2049 uenerant,
594 1987 700 2054 virique
711 1986 799 2040 fortes
809 1985 988 2043 habebantur

182 2055 367 2112 etin'honore
388 2055 460 2123 apud
476 2057 623 2109 Caesarem
643 2055 767 2123 fuerant,
788 2057 915 2134 quodque
935 2074 987 2112 no-

181 2144 248 2198 vum
259 2133 287 2179 et
297 2132 409 2194 praeter
422 2127 649 2178 consuetudinem
661 2129 809 2192 acciderat,
831 2131 924 2180 omnia
934 2144 988 2184 sua

181 2197 323 2268 praesidio
342 2197 526 2249 circumduxit
547 2202 630 2265 atque
651 2202 813 2251 ostentarit:
833 2213 897 2261 nam
918 2204 988 2254 ante

181 2263 211 2321 id
227 2275 337 2335 tempus
352 2281 434 2319 nemo
449 2271 499 2318 ant
518 2266 598 2318 miles
619 2271 669 2317 aut
688 2284 772 2336 eques
788 2269 936 2321 aCaesare
948 2269 987 2323 ad

182 2337 344 2407 Pompeium
355 2337 521 2399 transierat,
543 2350 625 2404 qnnrn
641 2352 728 2404 paene
744 2338 867 2407 quotidie
877 2354 894 2390 a
905 2338 987 2390 Pom·

181 2409 247 2476 pcio
258 2408 294 2460 ad
305 2408 454 2468 Caesarem
469 2403 666 2474 perlegerent,
687 2405 770 2476 vulgo
783 2423 849 2461 vero
859 2409 986 2460 universi

181 2480 210 2531 in
222 2477 308 2544 Epiro
320 2483 404 2544 atque
414 2475 527 2527 Aetolia
538 2478 691 2544 conscripti
706 2478 820 2541 milites,
832 2492 985 2540 earumque

181 2547 329 2616 regionum
342 2547 475 2608 omnium,
491 2560 561 2614 quae
573 2560 590 2596 a
601 2545 720 2599 Caesare
730 2548 905 2600 tenebantur.
928 2545 988 2600 Sed

176 2612 229 2676 ,hi,‘
245 2615 365 2684 cognitis
382 2615 510 2674 omnibus
525 2615 623 2679 rebus3
642 2616 768 2686 seuquid
783 2618 812 2666 in
824 2617 986 2675 munitioni·

180 2683 233 2734 bns
246 2682 400 2750 perlectum
411 2698 466 2734 non
482 2690 557 2744 erat,
576 2699 627 2736 seu
639 2687 705 2754 quid
716 2703 734 2738 a
747 2686 929 2754 peritioribus
940 2688 985 2742 rei

181 2752 316 2818 militatis„
331 2751 488 2816 desiderari
506 2751 674 2821 virlebatum¹
692 2756 920 2830 temporibusque
940 2770 985 2810 re·
