2152 3144
171 203 223 258 soa
354 201 547 254 aurern
567 200 624 253 nn
644 199 789 268 saeuo,

171 323 205 360 cx
226 305 413 358 tumultuariis
433 305 564 356 militibus
591 307 627 370 in·
641 305 730 356 Ponto
752 303 879 357 confecta
899 311 977 356 crat:

171 378 358 443 Quintumque
375 375 507 426 Patisium
527 377 555 424 in
573 375 696 426 Ciliciam
713 375 748 427 ad
766 377 870 427 auxilia
885 391 980 426 arces·

172 448 267 497 sanda.
304 446 381 508 Quae
399 447 492 512 copiae
508 445 636 496 celeriter
653 461 747 496 omnes
763 447 840 496 iussu
856 445 980 496 Domitii

173 517 295 568 Comana
305 520 502 566 convenerunt.

224 585 337 638 XXXV.
357 586 471 636 Interim
487 584 574 652 legati
591 601 608 636 a
623 583 764 636 Pharnace
781 597 917 651 responsa
933 598 979 634 re·

172 653 276 718 ferunt,
297 653 471 721 Cappadocia
482 669 508 705 se
520 655 668 716 decessisse,
680 653 835 706 Armeniam
845 653 980 705 minorem

172 725 309 794 recepisse,
320 728 399 792 'priam
408 733 526 791 paterno
536 724 640 778 nornine
650 724 710 775 inre
721 721 840 776 adtinere
851 721 980 783 deberet,·

172 795 283 862 deniqne
295 795 350 845 eins
360 793 546 861 regnicuram
559 795 667 864 integra
681 791 795 844 Caesari
806 801 980 844 servaretur:

169 874 302 934 paratam
313 861 383 914 enirn
394 861 539 932 sefacere,
558 865 627 932 qnod
634 863 658 914 is
669 863 821 916 statuisset.
858 864 906 914 Cn.
918 862 980 914 Dc·

172 935 280 996 mitius,
302 947 385 998 quum
397 934 645 996 animadverteret,
667 950 729 986 eum
742 931 915 1000 Cappadocia
929 931 980 984 dc·

174 1004 306 1064 cessisse,
325 1017 381 1051 non
393 1003 537 1053 voluntate
550 1003 713 1067 adductum,
733 1003 783 1054 sed
795 1004 981 1066 necessitate3

173 1071 247 1138 quod
258 1070 368 1122 facilius
379 1071 535 1122 Armeniam
548 1069 698 1124 defendere
711 1077 813 1140 posset,
824 1072 980 1123 subiectam

173 1154 338 1208 suoregno,
368 1154 449 1206 quam
462 1141 677 1207 Cappadociam,
709 1143 980 1210 longiusremotam3

173 1211 302 1279 quodque
315 1225 409 1262 omnes
419 1216 477 1262 tres
488 1211 612 1278 legiones
629 1212 812 1263 adducturum
822 1211 980 1263 Domitium

173 1287 314 1348 putasset;
328 1281 483 1347 (exquibus
495 1297 577 1348 quum
590 1281 658 1334 duas
669 1283 704 1334 ad
717 1282 865 1332 Caesarem
876 1281 980 1332 missas

174 1351 311 1414 audisset,
339 1346 471 1401 audacius
482 1352 511 1401 in
521 1351 651 1403 Armenia
661 1353 858 1412 substitisset3)
885 1365 981 1417 persc-

173 1435 271 1472 rerare
283 1421 385 1486 coepit,
405 1426 481 1472 uteo
494 1436 603 1488 quoque
615 1438 701 1490 regno
715 1420 873 1473 decederet:
893 1435 980 1487 neque

138 1537 143 1548 ,
173 1490 245 1542 enirn
256 1489 332 1542 alind
341 1489 385 1540 ins
395 1505 449 1542 esse
456 1487 654 1558 Cappadociae,
666 1500 746 1559 atque
759 1488 917 1541 ⁴drrrreniae:
928 1505 980 1540 nec

173 1559 245 1611 inste
256 1576 313 1610 enin
322 1562 471 1627 postolare,
486 1568 518 1610 at
528 1559 557 1612 in
569 1557 693 1612 Caesaris
704 1562 844 1612 aduentam
856 1575 898 1610 res
907 1557 981 1610 inte·

171 1647 227 1697 gra
239 1627 414 1696 differretur.-
425 1629 454 1680 id
463 1629 531 1681 enim
543 1646 597 1681 esse
607 1630 753 1700 integram,
769 1630 840 1698 qaod
847 1629 888 1680 ita
899 1637 981 1692 esset,

174 1698 323 1770 atfnisset.
360 1699 413 1750 His
425 1701 562 1765 responsis
572 1700 654 1763 datis,
676 1715 737 1751 cum
749 1701 782 1750 iis
794 1701 889 1765 copiis,
909 1714 981 1766 quas

173 1769 379 1834 suprascripsi,
410 1766 551 1833 profectos
564 1771 645 1820 estin
655 1767 828 1830 Armeniam,
855 1769 981 1835 locisque

173 1837 363 1903 superioribus
382 1839 437 1887 iter
452 1835 546 1888 facere
562 1838 696 1889 instituit:
725 1853 787 1889 nam
804 1853 838 1897 ex
854 1837 944 1888 Ponto
963 1853 982 1890 a

174 1907 300 1957 Comanis
312 1907 406 1972 iugum
418 1905 523 1957 editum
534 1907 660 1958 silvestre
673 1914 725 1970 est,
735 1909 877 1974 pertinens
888 1907 916 1955 in
928 1908 982 1958 dr·

174 1975 294 2026 meniarn
306 1976 455 2036 minorem,
479 1991 533 2042 quo
546 1976 721 2045 Cappadocia
731 1977 828 2028 finitur
838 1976 872 2027 ab
883 1977 981 2028 Arme-

171 2047 228 2097 nia.
266 2045 349 2096 Cuius
362 2045 470 2095 itineris
487 2044 536 2096 has
554 2062 615 2099 esse
631 2053 722 2099 certas
742 2048 980 2114 opportunitates,

173 2113 246 2184 quod
257 2114 285 2169 in
297 2115 366 2166 locis
377 2116 568 2180 superioribus
580 2118 672 2169 nullus
683 2119 803 2185 impetus
813 2117 980 2185 repentinus

173 2184 299 2238 accidere
310 2182 429 2234 hostiam
441 2191 565 2252 poterat,
593 2194 622 2239 et
634 2187 708 2256 quod
721 2187 909 2254 Cappadocia,
933 2184 979 2236 his

173 2257 246 2323 iugis
256 2257 391 2318 subiecta,
403 2269 531 2323 magnam
544 2263 715 2310 commeatus
727 2261 834 2324 copiam
845 2255 977 2308 eratsub·

172 2327 374 2376 arinistratura.

224 2395 353 2448 xxxvl.
373 2395 535 2463 Complures
553 2397 662 2446 interim
683 2396 837 2464 legationes
853 2394 977 2446 Pharna-

172 2479 217 2514 ces
230 2464 265 2513 ad
275 2464 428 2514 Domitium
441 2466 541 2530 mittit,
569 2466 905 2534 quacdcpaceagercnt,
930 2479 975 2516 rc-

170 2533 272 2599 giaque
283 2548 398 2584 munera
409 2535 533 2585 Domitio
545 2533 658 2587 ferrent.
694 2536 733 2586 Ea
745 2540 906 2588 constanter
917 2547 975 2584 om-

171 2602 216 2648 nia
227 2601 448 2666 adspernabatur
455 2640 463 2666 ,
482 2621 529 2656 nec
539 2603 591 2654 sili
603 2605 816 2676 qoidqnarnfore
825 2603 976 2670 antiquins,

137 2668 140 2676 '
169 2683 248 2732 onam
260 2669 521 2738 dignitaternpopnli
532 2671 650 2726 Romani
659 2685 684 2726 el
694 2691 779 2742 regna
791 2673 921 2725 sociorum
933 2689 974 2723 re·

170 2749 308 2801 superare,
326 2737 427 2804 legatis
439 2743 633 2807 respondebat.
669 2745 781 2813 Magnis
792 2750 820 2796 ct
831 2742 972 2794 continuis
