2152 3144
262 161 266 167 '
302 156 678 212 'ALEXANDRINQ
833 159 894 214 [381

92 246 221 328 'oretisque
234 257 282 310 diu
297 259 375 313 inter
389 262 466 330 ipsos
482 267 528 313 est
540 267 744 329 exspectatum,
772 265 806 315 ab
820 267 894 317 utris

91 329 262 381 transeundi
277 331 360 382 lieret
371 331 498 396 initium3
517 339 665 400 propterea
681 333 767 402 quod,
789 336 831 386 eis
846 337 895 402 qui

91 399 262 460 intrassent,
282 407 311 451 et
326 401 565 468 ord-explicandam
581 403 712 466 classem,
734 410 763 454 et
773 404 808 454 ad
818 417 896 456 reee-

91 477 186 538 ptum,
207 469 233 520 si
242 469 339 523 durior
348 471 499 523 accidisset
509 487 606 538 casus,
627 473 820 540 impeditiores
833 472 896 526 foro

90 539 270 590 videbantur.
670 558 673 568 ·

144 608 207 661 XV.
227 607 344 662 Rhodiis
354 611 470 662 navibus
479 617 612 680 praeerat
621 611 795 680 Euphranor,
807 613 894 666 animi
944 665 946 668 .

91 677 288 744 magnitudine
303 695 336 732 ae
350 681 453 733 virtute
474 683 562 749 magis
577 697 637 734 cum
655 684 761 735 nostris
776 683 895 736 homini·

91 749 162 810 bus,
182 763 264 816 quam
276 765 337 802 cum
349 749 464 802 Graecis
480 751 692 818 comparandus.
728 754 783 804 Hie
798 755 833 805 ob
844 769 894 805 no·

91 819 231 869 tissimum
248 820 496 888 scientismetque
512 822 599 874 animi
614 822 835 890 magnitudinem
847 823 893 876 de·

92 885 183 939 iectus
193 893 238 938 est
253 890 287 940 ab
298 889 427 954 Rhodiis,
448 891 496 958 qui
509 893 770 958 imperium'elassis
786 893 895 945 obtine·

92 964 147 1011 ret.
183 958 246 1020 Qui,
267 961 317 1011 ubi
338 961 465 1012 Caesaris
485 963 608 1013 animum
629 963 763 1027 advertit,
787 961 896 1014 Videris

93 1025 169 1090 roilli,
186 1027 287 1095 inquit,
306 1027 417 1094 Cacsar,
436 1031 533 1096 vereri,
554 1031 836 1102 siboeceedoprlmr's
846 1051 895 1086 uo·

92 1096 170 1148 vibus
180 1097 335 1170 patraveris,
345 1117 378 1152 ne
385 1099 465 1169 prius
477 1099 605 1154 dimicare
614 1103 731 1170 cogaris,
740 1117 820 1172 quum
829 1102 893 1155 reli·

93 1183 175 1235 quoru
186 1169 294 1220 classem
304 1173 391 1238 poesie
407 1172 550 1239 explicere.
587 1171 668 1224 Nolle
683 1189 738 1223 reru
747 1172 894 1234 committe,

93 1237 281 1305 nosproelr'um
292 1239 491 1304 srrtle'oebr'ruus,
510 1245 605 1308 (neque
615 1250 690 1292 turem
700 1241 830 1294 iudicium
835 1243 895 1313 fol·
981 1270 984 1276 ·

94 1309 191 1370 lemur)
202 1309 263 1360 dum
279 1309 377 1376 reliqui
392 1310 602 1379 subsequentur:
619 1311 666 1362 loos
677 1311 779 1377 quidem
790 1310 894 1362 diutius

93 1377 123 1430 s'n
132 1387 224 1430 nostro
237 1389 387 1448 ‚conspectu
394 1380 522 1449 gloriari,
541 1397 639 1451 treugae
650 1381 724 1434 nolle
735 1389 761 1432 el
771 1381 894 1433 dedecoro

94 1455 123 1500 et
132 1448 218 1500 dolori
227 1457 277 1500 ert.
313 1451 417 1500 Caesar
432 1450 511 1501 illurn
526 1449 689 1502 adhortatus
705 1457 788 1518 atque
805 1449 892 1502 ornni·

93 1519 146 1570 bus
158 1519 284 1571 laudibus
296 1525 470 1585 prosecutus,
491 1519 539 1571 dat
550 1521 657 1588 signum
667 1535 796 1588 pugnae.v
825 1520 893 1572 Pro·

94 1603 205 1656 gressus
215 1591 291 1640 ultra
300 1589 401 1640 vadum
416 1595 536 1658 quatuor
551 1589 674 1642 Rhodias
684 1605 768 1640 nares
778 1592 893 1641 eircum-

94 1659 199 1710 sistunt
214 1659 393 1713 Alexandrini
413 1665 496 1728 atque
516 1661 544 1710 in
561 1675 608 1711 eas
623 1661 757 1727 impetum
777 1659 893 1713 faciunt.

93 1726 240 1781 Sustinent
254 1730 298 1782 illi
314 1734 397 1797 atque
412 1737 473 1781 arte
490 1729 670 1798 sollertiaque
689 1729 720 1780 se
737 1731 891 1797 explicante

94 1805 242 1852 aetertum
253 1799 490 1868 doetrinapotuit,
509 1801 579 1850 utin
592 1800 697 1866 dispari
707 1815 823 1866 numero
834 1801 892 1852 nul·

92 1869 121 1920 la
131 1872 291 1922 transversa
302 1868 377 1921 hosti
389 1869 675 1933 obiiceretur,nullius
685 1871 757 1921 remi
767 1871 893 1938 deterge

93 1947 198 2003 rentur,
206 1942 255 1992 sed
266 1955 376 2006 semper
382 1941 556 1993 venientibus
563 1941 695 1993 adversae
706 1948 892 1994 decurrerent

92 2009 208 2062 interim
223 2015 290 2060 sunt
301 2010 425 2077 reliquae
439 2010 613 2063 subsecutae.
650 2011 722 2062 Tum
733 2013 892 2064 necessario

95 2079 244 2131 discessum
255 2080 289 2130 ab
300 2085 360 2131 arte
372 2085 423 2142 est,
441 2085 559 2146 propter
570 2082 715 2150 angustias
724 2080 788 2144 loci,
808 2088 892 2148 atque

95 2163 175 2201 omne
195 2154 337 2201 certamen
356 2148 386 2198 in
406 2149 512 2200 virtute
532 2151 666 2202 constitit.
707 2149 804 2218 Neque
824 2163 892 2200 vero

94 2218 278 2278 Alexandriae
290 2218 342 2268 luit
352 2219 495 2284 quisquam
508 2225 558 2269 aut
568 2227 737 2282 nostrerum,
757 2225 805 2270 eut
816 2221 892 2286 oppi-

96 2289 240 2351 danorum,
260 2287 308 2357 qui
319 2287 406 2338 autin
418 2301 512 2352 opere,
530 2289 618 2340 autin
630 2290 836 2355 oppugnatione
848 2303 892 2339 oc·

95 2365 224 2426 cupatum
241 2359 364 2408 animum
379 2355 509 2418 haberet,
527 2357 594 2426 quin
609 2356 745 2408 altissima
756 2363 832 2409 tecta
847 2373 891 2425 pe

95 2435 169 2481 teret
180 2434 263 2495 atque
275 2427 397 2478 exomni
408 2433 559 2494 prospectu
573 2426 663 2479 loeum
679 2428 839 2493 speetueulo
849 2443 893 2480 ea·

95 2505 174 2566 peret
185 2497 367 2566 precibusque
378 2501 406 2548 et
422 2498 494 2548 votis
504 2499 649 2550 victoriam
663 2499 722 2550 suis
733 2499 767 2550 ab
778 2497 831 2549 diis
842 2497 892 2548 im·

94 2568 258 2624 mortalibus
270 2571 444 2634 exposceret.
716 2597 717 2602 =
880 2583 883 2594 ·

142 2641 217 2695 xvi.
236 2639 352 2690 Minime
369 2644 463 2690 autern
479 2653 529 2705 por
543 2643 605 2690 erat
619 2638 718 2706 proelii
732 2642 891 2691 certamem

94 2715 197 2766 rostris
213 2711 286 2766 enim
302 2723 423 2780 prorsus.
434 2724 523 2778 neque
539 2715 617 2762 terra
632 2710 808 2779 nequemari
824 2705 891 2770 effu,-
