2134 3148
345 165 604 220 santerre.
822 169 874 224 429
954 219 956 226 .

4 231 6 326 l
70 270 212 339 equitibus
226 266 354 320 Numidis
365 269 418 320 Mo
429 271 540 333 electis,
560 269 740 339 peditatuque
751 274 877 342 eiusdem

71 343 185 411 generis
195 340 265 390 satis
282 339 395 407 grandi,
416 353 452 390 ex
467 341 567 392 itinere
585 349 661 393 recta
677 343 800 394 subsidio
818 347 875 395 ruis

71 415 230 464 occurrunt.
265 410 356 477 Atque
377 407 481 473 hostes,
493 410 551 459 suis
571 426 606 461 ex
627 419 736 464 terrore
756 414 876 465 lirmatis

70 493 222 546 rursusque
238 481 380 532 renovatis
397 481 511 542 animis,
530 480 716 548 legionarios,
734 487 875 534 conuersis

71 551 211 618 equitibus
223 564 253 600 se
266 550 443 616 recipientes,
456 549 624 602 norissimus
636 550 740 603 adoriri
753 560 782 604 et
792 553 876 621 impe·

71 621 132 672 dire
149 625 316 685 coeperunt,
335 633 390 687 quo
407 621 498 670 nrinus
513 621 542 670 in
559 626 651 672 castra
666 636 695 674 se
709 623 875 690 reciperent.

71 692 134 743 Hac
143 706 173 742 re
186 689 389 751 animadversa,
408 690 510 741 Caesar
526 690 602 742 iubet
617 692 697 759 signa
708 695 835 744 conserti
848 701 877 746 et

70 760 164 812 medio
175 773 273 825 canipe
291 759 481 827 redintegrari
497 761 643 826 proelium.
680 763 772 825 Quum
783 764 817 815 ab
828 760 876 814 ho-

71 830 162 882 stibus
179 828 276 881 codem
292 828 376 882 modo
392 836 580 897 pugnaretur,
598 847 649 882 uec
672 833 826 885 comminus
841 835 877 886 ad

72 915 170 951 uranius
186 898 340 962 rediretur,
359 899 543 968 Caesarisque
560 902 669 968 equites
681 903 821 968 iumenta,
841 919 877 956 ex

72 984 177 1021 nausea
187 970 302 1033 recenti,
320 971 376 1032 siti,
387 970 532 1038 languore,
543 973 693 1036 paucitate,
716 974 877 1026 vulneribus

71 1039 234 1107 defatigata,
251 1039 286 1090 ad
298 1039 498 1106 insequendum
511 1037 618 1092 hostem
630 1045 876 1108 perseverandum-

71 1125 125 1178 que
137 1125 248 1161 cursum
259 1109 385 1161 tardiora
395 1107 545 1174 haberent,
568 1110 676 1179 dieique
692 1127 756 1179 pars
773 1117 877 1182 exigua

70 1182 126 1230 iam
143 1179 251 1299 reliq'ua
268 1185 356 1231 essct:
376 1178 537 1231 cohortibus
553 1182 748 1250 equitibusque
761 1182 877 1236 circum-

4 1285 6 1300 ,
71 1250 154 1313 datis,
174 1265 205 1300 eo
227 1254 336 1300 ortatus
347 1251 474 1315 imperat,
485 1256 516 1299 ut
526 1265 582 1302 une
593 1254 650 1302 ictu
663 1253 876 1318 contenderent,

71 1333 162 1389 neque
173 1320 358 1382 remitterent,
370 1319 459 1372 donec
471 1319 547 1371 ultra
556 1321 670 1371 ultimos
683 1321 768 1373 eolles
780 1322 877 1375 hostes

70 1391 240 1460 repulissent
251 1395 334 1456 atque
345 1403 441 1440 eorum
455 1395 547 1440 esseut
560 1391 650 1457 potiti.
686 1391 784 1460 ltaque
795 1395 876 1461 siguo

4 1475 5 1530 g
71 1461 149 1523 (late,
163 1475 247 1528 quum
259 1460 315 1509 iam
326 1456 421 1510 hostes
431 1459 561 1526 languide
573 1462 631 1510 tela
643 1460 875 1530 negligenterque

4 1539 5 1586 l
44 1587 49 1594 ,
71 1533 228 1591 mitterent,
249 1529 342 1580 subito
355 1529 482 1580 immittit
497 1527 630 1580 cobortes
643 1535 803 1599 turmasque
815 1547 876 1583 suo-

71 1616 147 1653 rum:
170 1605 254 1664 atque
267 1607 369 1666 puncto
382 1599 515 1664 temporis
533 1597 660 1650 hostibus
673 1599 750 1651 nullo
762 1605 875 1670 negotio

72 1685 168 1737 eanrpo
181 1669 280 1735 pulsis,
303 1676 365 1735 post
376 1669 531 1737 collemque
543 1669 674 1732 deiectis,
696 1672 770 1722 nacti
782 1672 875 1724 locum

71 1751 155 1806 atque
168 1740 203 1791 ibi
217 1739 368 1806 paullisper
379 1741 554 1802 connnomti,
575 1741 615 1791 ita
632 1741 673 1790 uti
685 1747 766 1792 erant
777 1744 875 1794 instru-

72 1811 120 1873 cti,
132 1811 232 1862 lcniter
242 1825 273 1860 se
285 1809 319 1860 ad
332 1825 397 1862 suas
408 1811 547 1877 recipiunt
559 1811 740 1864 munitiones:
753 1813 875 1880 itemque

71 1881 234 1944 adversarii,
246 1879 320 1930 male
330 1883 447 1950 accepti,
457 1887 517 1932 tum
529 1879 639 1938 demum
651 1897 680 1934 se
692 1881 726 1934 ad
737 1897 789 1936 sua
799 1897 876 1950 prae·

71 1950 144 2014 sidio
159 1950 344 2001 contulerunt.

124 2021 197 2071 Xlx.
217 2021 340 2080 interim,
355 2035 388 2072 ea
398 2036 429 2071 re
441 2025 523 2087 gesta
534 2026 562 2072 et
573 2020 680 2088 proelio
692 2021 820 2085 diremto,
841 2037 876 2074 ex

5 2125 6 2132 κ
72 2091 241 2143 adversariis
257 2088 390 2157 perfugae
407 2089 501 2156 plures
518 2106 552 2141 cr
570 2091 646 2142 onrui
666 2107 769 2158 genere
792 2091 877 2142 laomi-

6 2163 7 2168 ’
72 2175 157 2222 rrunr,
186 2165 216 2210 et
237 2166 383 2228 praeterea
403 2161 555 2225 intercepti
576 2160 697 2212 hostium
718 2162 876 2226 complures

73 2231 182 2299 equites
194 2229 370 2295 peditesque:
394 2245 428 2280 ex
440 2229 539 2296 quibus
549 2232 688 2300 cognitum
701 2236 743 2282 est
753 2229 876 2282 hostiurn

74 2299 230 2361 consilium,
241 2313 289 2348 cos
301 2296 352 2350 bac
364 2302 456 2350 arente
467 2305 496 2349 et
507 2307 606 2351 conatu
618 2301 738 2362 venisse,
748 2301 790 2351 uti
804 2313 875 2352 noro

74 2369 301 2437 atqueinusitato
317 2383 423 2434 genere
439 2367 538 2434 proelii
554 2371 662 2419 tirones
673 2369 875 2437 legionariique

73 2441 153 2508 pauci
175 2438 346 2506 perturbati,
377 2438 504 2488 Curionis
525 2439 663 2505 exemplo,
692 2439 725 2490 ab
748 2439 874 2506 equitatu

73 2509 256 2562 circumventi
268 2509 508 2574 opprimerentur:
530 2514 558 2560 et
571 2509 613 2560 ita
628 2508 780 2559 Labienum
792 2509 875 2560 dixis-

73 2597 104 2634 se
120 2596 171 2649 pro
194 2578 336 2641 concione,
355 2587 460 2631 raretum
479 2594 534 2631 rese
553 2577 876 2632 annititudinemcuxilio·

74 2667 134 2705 rum
144 2647 308 2702 adversariis
323 2647 606 2712 srrlminr'rtrcturum,
625 2658 657 2701 ut
670 2648 752 2700 etiam
767 2649 875 2702 caeden-

76 2723 108 2776 do
124 2724 153 2777 in
168 2723 227 2792 ipra
241 2717 358 2771 victoria
374 2718 525 2792 defatigati
543 2719 738 2782 obicerentur,
759 2727 840 2790 atque
860 2735 875 2768 r
