2152 3144
194 186 243 240 sse
407 186 462 239 nn
481 159 624 267 nerino
646 186 780 241 civim

194 295 312 354 nostros,
324 305 358 341 ne
369 281 479 358 longius
491 283 741 358 prosequerentur,
762 279 1004 344 Sulla'rerocat¹it.

190 361 228 413 'ht
248 361 373 428 plerique
387 363 556 422 existimant,
576 363 600 411 si
616 363 706 413 acrius
723 363 833 429 insequi
855 361 1004 426 voluisset,

190 429 299 484 *bellum
321 446 354 482 eo
377 431 420 482 die
441 433 566 498 potuisse
583 433 666 482 liniri.
702 433 785 483 Cuius
802 433 1005 484 consiliumre·

191 499 423 570 'prehendendum
444 515 499 550 non
520 501 644 552 videtur:
664 501 736 553 aliae
749 504 821 553 enim
833 508 898 554 sunt
913 502 1004 570 legati

195 577 302 640 partes,
313 571 384 636 aliae
392 572 581 638 imperatoris:
593 571 666 623 alter
678 574 769 623 omnia
779 587 864 640 agere
876 573 911 624 ad
922 588 1005 640 prae-

188 644 334 707 scriptum,
355 642 428 702 alter
442 641 529 692 libere
545 641 580 692 ad
600 648 734 692 summam
747 657 841 693 rerum
853 642 1003 710 consulere

195 711 287 762 debet.
324 709 409 773 Sulla,
431 725 447 761 a
468 711 587 762 Caesare
607 713 706 762 castris
727 712 853 777 relictus,
874 713 1003 764 liberatis

196 783 262 844 suis,
273 778 325 830 hoc
336 779 391 830 fuit
402 786 559 842 contentus,
581 797 671 848 neque
682 781 790 849 proelio
802 781 946 833 decertare
958 797 1004 832 ro·
1067 781 1068 806 ³

195 851 261 912 luit,
283 853 365 918 (quae
377 865 421 900 res
434 855 528 901 tamen
540 849 660 903 fortasse
672 852 793 920 aliquem
805 853 945 920 reciperet
957 868 1004 904 ca·
1067 853 1068 880 ³

196 922 267 981 suin)
279 934 313 969 ne
324 919 519 986 imperatorias
530 921 583 972 sibi
598 927 694 988 partes
709 923 840 973 sumsisse
851 923 1005 974 rideretur.
1067 927 1068 980 j

197 989 373 1056 Pompeianis
393 1004 521 1056 magnam
533 1005 578 1040 res
594 992 629 1042 ari
640 985 789 1059 'receptum
810 991 1005 1056 difficultatem
1067 1025 1068 1072 ,

196 1057 351 1108 adferebat.
375 1057 454 1122 Nam,
467 1073 501 1109 cx
511 1060 614 1128 iniquo'
619 1063 761 1128 progressi
773 1061 843 1123 loco,
855 1063 884 1112 in
895 1077 1005 1114 sunrmo

188 1129 393 1179 ‘constiterantr
413 1131 437 1178 si
449 1143 500 1196 per
511 1129 615 1181 declive
627 1145 690 1182 sese
702 1135 868 1198 reciperent,
890 1138 1005 1184 nostros

189 1212 233 1270 ¹en
253 1199 399 1264 superiore
420 1200 600 1267 insequentes
621 1199 682 1251 loco
704 1202 885 1252 verebantur:
914 1217 1005 1269 noque

197 1268 313 1318 multum
331 1269 367 1321 ad
386 1269 453 1321 solis
476 1284 603 1320 occasum
623 1278 769 1338 supererat
789 1273 932 1338 temporis:
953 1286 1004 1338 spe

197 1340 272 1390 enim
285 1340 448 1405 conficiendi
460 1341 565 1407 negotii
586 1356 674 1408 prope
686 1341 714 1391 iu
728 1347 835 1393 noctem
848 1357 906 1393 rem
919 1342 1005 1394 duxe-

198 1414 269 1460 rant.
307 1409 360 1474 Ita,
377 1412 532 1462 necessario
545 1417 628 1479 atque
640 1427 673 1464 cx
685 1418 811 1480 tempore
823 1413 1005 1486 captoxconsi·

188 1477 244 1542 lio,
256 1477 404 1546 Pompeius
415 1481 553 1532 tumulum
564 1482 711 1550 quemdam
723 1483 873 1550 occupavit,
884 1483 931 1551 qui
944 1488 1004 1550 tan-

198 1552 255 1599 tum
268 1550 394 1601 eborata
409 1556 506 1602 n'ostro
520 1552 643 1616 castello,
655 1558 687 1603 ut
697 1553 783 1604 telum
797 1557 1003 1608 tormentumre

189 1620 312 1669 'missum
329 1621 404 1687 atligi
421 1635 477 1670 non
497 1628 600 1687 posset.
635 1621 698 1674 Hoc
710 1623 834 1673 consedit
845 1621 906 1674 loco
917 1629 1003 1689 atque

197 1702 259 1740 eum
271 1691 433 1739 comnmniit
446 1705 596 1758 omnesque
608 1693 646 1742 ibi
659 1693 752 1758 copias
769 1693 913 1743 continuit.
989 1738 992 1746 ,

248 1757 307 1810 LlI.
327 1759 433 1814 Eodem
445 1764 572 1825 tempore
587 1761 694 1814 duobus
713 1767 859 1827 praetcrea
873 1761 942 1814 locis
954 1777 1003 1828 pu-

195 1831 310 1894 gnatum
331 1833 391 1877 ests
405 1842 467 1877 nam
489 1829 572 1894 plura
587 1829 704 1882 castella
719 1830 867 1896 Pompeius
887 1833 1004 1896 pariter,

196 1895 372 1947 distinendae
386 1911 483 1947 manus
496 1913 607 1960 caussa,
628 1903 795 1959 tentaverat,
818 1915 852 1952 ne
865 1915 898 1950 ex
910 1905 1002 1964 proxi·

196 1965 248 2015 mis
269 1965 416 2034 praesidiis
435 1968 558 2017 succurri
574 1975 678 2034 posset.
713 1967 773 2021 Uno
785 1969 846 2020 loco
857 1967 1002 2026 Volcatius

195 2033 296 2085 'l'ullus
314 2036 446 2106 impetum
466 2034 584 2104 legionis
596 2040 730 2090 sustinuit
741 2037 900 2092 cohortibus
912 2040 1002 2094 tribus

196 2110 279 2172 atque
291 2119 351 2157 eam
364 2105 425 2156 loco
438 2105 559 2174 depulit3
576 2108 665 2177 altero
678 2109 819 2172 Germani,
832 2109 1002 2164 munitiones

197 2180 307 2229 nostras
319 2177 435 2245 egressi,
446 2177 633 2243 compluribus
644 2177 810 2243 interiectis,
822 2179 928 2232 sescad
936 2195 1001 2232 suos

196 2247 349 2299 incolumes
364 2253 537 2313 receperunt.

248 2317 320 2370 Llll.
339 2319 385 2369 lta
404 2331 459 2368 uno
480 2317 524 2370 die
545 2333 595 2372 sex
615 2318 730 2386 proeliis
750 2317 841 2381 factis,
858 2319 948 2370 trihus
964 2319 1001 2370 ad

196 2385 413 2456 Dyrrhachium,
433 2387 523 2437 tribus
542 2389 576 2439 arl
598 2391 777 2452 numitioues‚
799 2406 883 2456 quum
902 2387 1000 2440 horum

195 2458 318 2508 onmium
329 2459 402 2508 ratio
413 2453 571 2520 haberetur,
592 2459 626 2508 ad
638 2459 755 2509 duorum
767 2461 874 2510 milium
885 2474 1001 2510 numero

196 2541 230 2578 ex
237 2525 411 2592 Pompeianis
423 2526 556 2592 cecidisse
567 2529 785 2595 reperiebamus,
798 2534 926 2580 evocatos
938 2543 999 2579 cen-

195 2596 373 2712 turionesrpue
385 2595 549 2661 complures.
585 2599 616 2648 ln
628 2613 660 2648 eo
674 2597 727 2648 fuit
741 2614 856 2652 numero
867 2598 997 2652 Valerius

194 2663 318 2734 Flaccus,
341 2664 585 2732 1.lilius,eius,qui
598 2670 810 2732 praetorilsiam
823 2668 994 2722 obtinuerat:

195 2733 327 2800 signaque
339 2737 405 2782 sunt
419 2747 468 2783 sex
484 2735 618 2786 militaria
632 2737 742 2789 relata.⁴
767 2738 860 2790 hostii
873 2755 927 2790 uon
941 2753 999 2790 am-
