2168 3134
187 141 240 195 m
374 139 430 194 DE
449 139 591 194 Baubo
610 139 796 197 euthico

185 244 293 296 duabus
311 242 466 311 legionibus
475 246 504 298 io
517 250 580 298 eaor
599 249 709 312 partem
724 251 767 298 est
781 247 936 316 profectus,
960 256 993 302 ot

186 313 225 364 ibi
235 319 392 366 extremum
404 321 514 382 tempus
526 321 701 367 consumeret
712 317 892 368 aestivorum:
904 333 989 386 quam

186 397 259 446 rem,
282 384 354 434 sieut
374 390 482 448 cetera,
505 385 637 437 celeriter
658 384 833 455 feliciterque
853 387 989 440 cont'ecit:

186 466 307 522 namque
324 469 421 528 omnes
431 455 596 522 Aquitaniae
611 456 738 508 civitates
753 456 863 524 legatos
877 456 989 508 adeum

185 524 324 576 miserunt
334 524 500 593 obsidesque
513 526 538 576 ei
549 523 695 576 dederuut.
731 525 838 587 Quibus
850 527 932 578 rebus
942 541 990 592 ge-

185 595 248 657 stis,
266 595 327 660 ipse
347 609 409 646 cum
428 595 553 663 equiturn
568 594 709 661 praesidio
725 595 881 648 Narbonem
898 594 989 661 profe·

185 669 247 720 ctus
259 668 320 727 est,
338 667 555 730 exercitumper
571 665 680 732 legatos
691 666 720 715 in
733 663 851 717 lriberaa
860 665 988 716 deduxit:

185 738 306 801 quatuor
320 730 446 802 legiones
461 735 490 784 in
502 733 601 802 Belgio
616 735 763 786 collocarit
778 750 841 786 cum
854 735 893 784 M.
905 736 989 786 Anto-

185 805 231 856 nio
244 810 272 856 et
283 803 314 853 C.
324 804 467 856 Trebonio
484 809 513 854 et
528 803 558 854 P.
572 803 681 856 Vatinio
697 809 726 856 et
742 805 776 866 Q.
787 803 897 866 'l'olli0,
918 804 993 870 lega..

184 875 233 925 tis:
251 872 320 925 duas
334 874 364 924 in
380 873 490 924 Aeduos
510 876 601 936 misit,
620 889 737 940 quorum
756 876 785 924 in
806 876 882 926 omni
898 873 990 924 Gallie

185 957 321 994 summam
333 957 396 994 esse
407 942 602 994 auctoritatem
615 944 733 996 sciebat=
745 944 815 995 duas
824 945 853 994 in
866 944 990 994 Turonis

184 1013 220 1064 ad
240 1012 311 1064 fines
329 1011 479 1063 Carnutum
500 1014 602 1077 posuit,
623 1028 695 1080 quae
716 1028 825 1065 omnem
845 1015 989 1080 regionem

184 1084 358 1134 coniunctam
380 1083 493 1134 Oceano
514 1084 703 1134 continerent:
725 1083 794 1134 duas
814 1082 939 1151 reliquas
960 1085 989 1133 in

182 1151 363 1204 Lemovicum
374 1149 448 1214 finis,
460 1166 515 1202 oon
527 1150 610 1219 longe
621 1153 655 1203 ab
666 1154 803 1216 Arvernis,
814 1169 849 1203 ne
859 1168 913 1220 qua
924 1167 989 1220 pars

184 1222 293 1277 Galliac
306 1235 393 1276 sacua
404 1222 441 1275 ab
450 1223 573 1274 exercitu
585 1229 668 1274 esset.
692 1222 811 1275 'Paucos
822 1222 880 1274 dies
890 1223 949 1289 ipse
959 1225 989 1274 in

183 1294 326 1361 provincia
335 1297 475 1356 moratus,
496 1306 580 1360 quum
591 1291 720 1345 celeriter
731 1307 827 1345 omncs
838 1297 989 1344 conuentus

182 1363 417 1431 percucurrisset,
438 1361 564 1428 publicas
583 1365 786 1414 controversias
806 1363 988 1430 cognorissct,

182 1433 370 1487 benemeritis
387 1434 509 1499 praemia
523 1433 681 1496 tribuisset,
702 1432 898 1502 (cognoscendi
914 1433 987 1482 caim

183 1506 330 1556 maximam
344 1502 506 1556 facultatem
522 1501 655 1565 habebat,
676 1503 751 1572 quali
768 1505 884 1571 quisque
895 1503 990 1552 animo

182 1576 211 1626 in
232 1574 430 1642 rempublicam
457 1571 558 1624 fuisset
583 1573 668 1625 totius
689 1573 797 1624 Galliae
822 1571 988 1635 defectione,

183 1660 265 1711 qoam
276 1641 449 1695 sustinuerat
459 1641 594 1696 fidelitate
606 1649 690 1709 atque
706 1642 816 1694 auxiliis
829 1642 989 1709 provincias

182 1715 278 1776 illius,)
292 1712 334 1765 his
344 1712 428 1764 rebus
439 1711 583 1776 confectis,
594 1711 631 1762 ad
642 1713 766 1779 legiones
776 1714 806 1763 in
814 1711 945 1779 Belgium
955 1725 989 1764 so

182 1783 282 1848 recipit
294 1781 476 1847 hibernatque
488 1780 718 1833 Nemetocennae

225 1849 337 1903 XLVll.
355 1850 398 1902 lbi
409 1851 559 1916 cognoscit,
571 1850 724 1901 Commium
733 1849 895 1902 Atrebatem
906 1863 990 1914 proe-

180 1921 221 1973 lio
232 1936 294 1973 cunr
306 1920 432 1987 equitatu
442 1933 492 1969 suo
504 1918 690 1971 contendisse.
725 1918 795 1972 Nam
806 1934 889 1986 quum
899 1921 988 1971 Anto·

181 1992 243 2043 nius
257 1991 288 2040 in
298 1988 416 2041 hiberna
427 1988 550 2040 venisset
564 1989 718 2057 civitasque
727 1989 891 2042 Atrebatum
903 1989 933 2039 in
945 1987 989 2039 of-

181 2060 245 2116 ficio
257 2064 396 2123 maneret3
415 2058 569 2121 Commius,
590 2059 637 2126 qui
652 2059 804 2126 postillam
814 2057 987 2111 vulneratio·

182 2147 260 2195 aem,
281 2146 362 2198 quam
373 2143 456 2195 supra
467 2131 695 2192 commemoravi,
716 2144 827 2197 semper
840 2127 876 2180 ad
888 2143 986 2180 omnes

182 2209 275 2257 motus
286 2206 400 2268 paratus
411 2199 469 2250 suis
480 2198 586 2250 civibus
597 2214 659 2250 esse
675 2204 849 2262 corisuesset,
870 2215 905 2252 ne
921 2213 986 2250 con·

182 2271 246 2324 silia
259 2270 324 2324 belli
339 2269 537 2339 quaerentibus
548 2275 648 2320 auctor·
658 2285 798 2321 armorum
814 2269 923 2336 duxque
939 2266 985 2318 de·

183 2347 268 2404 esset,
289 2345 404 2408 parente
416 2339 547 2392 Romanis
560 2339 682 2402 civitate,
704 2355 764 2391 cum
775 2342 832 2391 suis
845 2339 984 2406 equitibus

181 2427 212 2462 se
223 2426 342 2478 suosque
357 2409 510 2462 latrociniis
526 2407 634 2472 alebat,
652 2409 817 2478 infestisque
836 2407 985 2460 itineribus

182 2486 355 2533 commeatus
366 2478 529 2546 complures,
541 2479 585 2546 qui
598 2481 845 2546 comportabantur
855 2480 885 2529 in
895 2477 986 2530 hiber·

181 2563 218 2600 na
229 2547 638 2615 Rauracorum,intercipiebat.

225 2616 352 2671 XLVlll.
364 2620 432 2670 Erat
442 2618 599 2669 adtributus
611 2620 730 2671 Antonio
742 2617 898 2685 praefectus
909 2614 985 2684 equi·

181 2689 253 2749 tum,
268 2688 297 2740 C·
309 2688 467 2742 Volusenus
479 2687 649 2754 Quadratus,
665 2691 784 2758 quicum
796 2702 829 2741 eo
841 2685 981 2739 hiemaret
