2180 3140
389 197 540 256 nisus
565 205 620 259 lll.
854 201 906 258 315

103 330 106 338 ¹
157 306 212 360 XV
232 306 368 370 Bibulus,
388 312 517 381 utsupra
533 311 753 362 demonstratum
768 315 824 371 est,
844 315 906 360 erat

108 393 168 430 eum
180 379 269 430 classe
279 379 315 428 ad
326 378 450 430 Oricum:
481 389 523 443 et,
553 380 634 431 sicuti
646 380 714 428 mari
725 378 905 446 portibusque

99 449 257 500 ‘Caesarem
269 446 445 512 prohibebat,
465 453 506 502 ita
515 455 574 517 ipse
586 449 660 500 omni
670 455 747 498 terra
758 461 853 498 earum
864 459 906 498 re·

100 520 222 584 ·gionunr
233 515 442 582 prohibebatur:
457 519 602 588 praesidiis
613 518 687 569 enim
697 517 839 582 dispositis
851 529 908 566 om·

104 587 249 637 *nialitora
265 587 411 638 accesere
426 590 606 649 tenebantur,
635 601 723 654 neque
734 585 858 652 lignandi
867 593 907 636 at-

44 651 47 656 ’
100 669 163 723 Δ«Ῑιιθ
176 655 309 722 aquandi,
330 669 419 723 neque
429 675 511 710 naves
522 658 558 709 ad
567 664 670 708 terram
683 655 821 722 religandi
832 661 907 720 pote-

100 730 169 775 ·stas
179 725 270 774 tiebat.
307 725 375 775 Erat
385 741 430 777 res
440 730 469 779 in
480 736 582 795 magna
592 724 764 787 difficultate,
781 725 908 774 summis-

110 809 163 860 que
184 795 318 858 angustiis
329 829 331 834 .
341 809 435 846 rerum
451 798 677 849 'necessariarum
699 793 908 862 premebantur,

110 862 181 912 adeo
201 869 234 912 ut
249 869 428 930 cogerentur,
459 869 540 918 sicuti
555 867 692 933 reliquum
713 869 908 925 commeatum,

100 932 152 982 'ita
162 931 237 998 ligna
247 939 330 999 atque
343 947 442 1001 aquam
450 937 574 1002 Corcyra
583 936 697 986 navibus
704 935 909 1000 orrerariissup·

110 1010 236 1066 portare:
257 1008 341 1068 atque
352 1019 408 1054 uno
420 1007 502 1056 etiam
514 1010 641 1072 tempora
650 1003 757 1067 accidit,
776 1009 817 1066 ut,
839 1003 908 1054 dilli-

76 1111 78 1118 .
112 1071 254 1122 cilioribus
272 1073 315 1121 usi
335 1075 564 1140 tempestatibus,
594 1089 628 1126 ex
641 1075 779 1140 pellibus,
808 1074 908 1140 quibus

112 1145 193 1191 erant
204 1141 296 1196 tect'ae
307 1156 405 1206 naves,
435 1151 600 1196 nocturnum
616 1145 744 1210 excipere
760 1157 852 1193 rorem
864 1156 909 1192 co-

112 1214 258 1278 gerentur:
288 1225 356 1276 quas
372 1219 465 1264 tamen
484 1214 659 1264 difficultates
675 1208 814 1279 patienter
825 1217 908 1278 atque

111 1293 201 1347 aequo
212 1280 303 1330 animo
315 1278 456 1345 ferebant,
485 1298 573 1351 neque
584 1283 636 1333 sibi
647 1281 776 1332 nudanda
784 1281 869 1331 litora
880 1285 910 1330 et

99 1348 307 1416 ,relinquendos
316 1356 412 1414 portus
421 1353 627 1404 existimabant.
646 1349 700 1401 Sed
711 1365 794 1416 quum
805 1354 910 1410 essent,

111 1421 141 1470 in
153 1419 250 1486 quibus
262 1417 457 1482 demonstravi,
477 1423 614 1488 angustiis
625 1435 657 1470 ac
667 1435 696 1470 se
708 1419 778 1470 Libo
790 1433 851 1490 cum
863 1417 910 1468 Bi·

97 1497 99 1506 '
111 1486 179 1538 bulo
190 1487 393 1551 coniunxisset,
422 1489 575 1556 loquuntur
585 1489 665 1540 ambo
678 1501 713 1538 ex
721 1489 837 1538 naribus
845 1501 910 1538 cum

111 1557 156 1609 Μ’.
166 1557 253 1609 Acilio
265 1561 294 1607 et
303 1556 393 1608 Statio
405 1559 512 1622 Murco,
531 1558 637 1628 legatis,
654 1571 770 1623 quorum
781 1557 853 1607 alter
865 1571 911 1622 op·

110 1626 170 1695 pidi
188 1627 287 1688 muris,
316 1627 388 1678 alter
407 1629 551 1694 praesidiis
568 1627 750 1679 terrestribus
765 1634 909 1692 praeerat;

97 1730 100 1736 ,
110 1698 176 1748 celle
186 1713 212 1748 se
222 1694 346 1748 maximis
358 1697 388 1748 de
397 1698 475 1749 rebor
485 1713 544 1750 cum
551 1695 666 1748 Caesare
677 1695 757 1763 loqui,
767 1695 847 1746 nisibi
853 1695 910 1747 eins

107 1766 234 1840 facultas
244 1765 331 1817 detor.
362 1767 425 1818 Huc
437 1769 542 1820 addunt
554 1782 640 1834 pauca
650 1768 692 1817 rei
703 1765 909 1818 confirmandae

98 1871 102 1878 -
112 1851 219 1899 caussa,
230 1841 261 1889 ut
271 1835 305 1886 de
315 1840 512 1904 compositione
523 1839 611 1888 acturi
624 1836 792 1887 viderentur.
822 1837 909 1887 lntcr·

111 1906 148 1956 im
159 1905 317 1972 postulant,
348 1914 379 1956 ut
390 1909 446 1958 sint
460 1909 602 1969 induciae,
634 1912 716 1972 atque
731 1906 765 1956 ab
781 1907 816 1954 iis
826 1906 910 1971 impe-

111 1981 200 2026 trant:
219 1990 349 2042 magnum
361 1978 449 2041 enim,
471 1977 545 2044 quod
559 1977 734 2037 adferebant,
754 1975 910 2034 ridebatur,

112 2045 294 2096 etCaesarem
306 2045 335 2095 id
345 2062 450 2098 summe
461 2049 585 2100 sciebant
595 2061 707 2112 cupere,
719 2043 909 2111 etprofectum

113 2111 217 2180 aliquid
228 2113 342 2166 Vibullii
354 2115 491 2168 mandatis
503 2116 722 2168 existimabatur.

164 2181 238 2234 xvi.
256 2183 371 2244 Caesar,
392 2198 425 2235 eo
444 2190 568 2252 tempore
585 2201 646 2236 cum
660 2185 909 2249 legioneunapro·

100 2250 202 2302 ¹fectus
213 2249 248 2300 ad
257 2252 430 2317 recipiendas
441 2252 589 2305 ulteriores
606 2254 732 2304 civitates
744 2255 773 2301 et
782 2265 842 2300 rem
852 2250 908 2300 fru-

101 2321 276 2371 *nrentariam
288 2319 499 2385 expediendam,
508 2338 562 2388 qua
572 2327 689 2388 anguste
698 2319 838 2380 utebatur,
847 2328 910 2369 erat

112 2389 147 2440 ad
157 2386 334 2450 Buthrotum,
355 2392 512 2455 oppositum
524 2392 672 2456 Corcyrae.
708 2389 751 2441 lbi
760 2389 864 2439 certior
873 2388 908 2439 ab

110 2459 197 2512 Acilio
209 2463 238 2510 et
249 2459 347 2518 Murco
358 2473 407 2524 per
419 2460 529 2512 litteras
546 2460 637 2511 factus
649 2460 684 2511 de
699 2457 848 2526 postulatis
859 2457 906 2508 Li·

110 2529 190 2580 bonis
202 2533 231 2579 et
240 2528 343 2591 Bibuli,
359 2529 496 2596 legionem
507 2530 659 2598 relinquit's
670 2531 731 2596 ipse
743 2528 855 2579 Oricum
865 2541 907 2578 re·

105 2599 238 2650 uertitur.
274 2598 315 2649 Eo
326 2612 409 2665 quum
418 2602 548 2663 venisset,
565 2605 714 2652 evocantur
723 2598 764 2648 illi
776 2596 812 2648 ad
822 2594 907 2648 collo·

111 2669 210 2735 quium.
245 2668 342 2720 Prodit
352 2669 434 2732 Libo,
455 2675 537 2737 atque
548 2675 663 2722 excusat
672 2668 811 2730 Bibulum,
831 2665 905 2734 quod

110 2738 396 2792 isiracundiasumma
406 2745 467 2794 erat
472 2741 686 2810 inimicitiasque
692 2737 904 2794 babebatetiam
