2150 3124
172 185 208 242 ii
380 186 436 238 DE
453 184 597 238 BELLO
614 183 803 238 olomeo

173 291 275 344 annu
286 293 331 340 est
340 290 381 352 ei,
390 290 556 371 Ariovistum
567 305 629 340 cunr
640 291 696 340 suis
707 290 833 372 omnibns
842 287 970 372 copiisad

171 358 878 497 mittit„linitoretj'tt‘inlllll
887 373 972 480 tto

171 499 273 550 linibus
292 498 464 562 processisse.
500 497 531 547 id
551 512 585 548 ne
604 497 755 558 accideret,
773 513 873 564 niagno
887 513 971 565 opere

172 569 226 619 sibi
238 566 459 634 praecavendum
471 566 573 618 Caesar
583 567 768 618 existimabat:
788 583 906 634 namque
916 582 972 618 orn·
1065 604 1066 620 i

171 639 249 688 nium
260 649 366 698 rerum,
375 650 447 702 quac
457 635 493 686 ad
502 636 607 687 bellum
618 638 679 686 usui
690 643 782 697 erant,
795 652 903 688 summa
911 643 972 688 erat

170 709 200 758 in
210 721 244 757 eo
256 705 355 771 oppido
366 703 495 767 facultas3
516 705 599 772 idque
609 711 707 755 natura
722 705 775 756 loci
785 707 825 756 sic
835 705 972 756 niunieba-

171 783 231 837 mr,
249 780 282 824 nt
295 787 423 840 magnam
438 773 473 824 ad
488 774 643 826 ducendum
654 774 758 824 bellum
769 774 849 827 daret
859 774 971 826 faculta-

171 851 239 907 tem,
249 850 397 910 propterea
406 842 479 910 qnod
490 841 592 894 ilumen
602 843 697 903 Dubis,
706 851 738 893 ut
747 844 849 896 circino
860 847 973 896 circum·

172 913 299 975 ductum,
319 927 406 977 paene
415 917 506 962 totum
517 912 645 978 oppidum
657 913 754 978 cingit:
767 912 901 978 reliquum
912 927 972 979 spa·

171 984 255 1042 tium,
276 981 349 1049 quod
364 985 408 1034 cst
421 993 476 1030 non
486 981 605 1046 amplius
615 979 714 1046 pedum
726 981 787 1040 DC,
806 981 971 1047 qnallumeu

170 1051 345 1112 intermittit,
364 1064 443 1101 mons
457 1053 582 1100 continet
595 1064 695 1115 magna
710 1048 871 1110 altitudine,
891 1052 931 1100 ita
942 1056 973 1100 ut

170 1121 280 1172 radices
300 1120 402 1170 montis
416 1133 450 1170 ex
466 1124 584 1185 utraque
601 1124 680 1184 parte
695 1119 771 1184 ripae
781 1117 901 1168 fluminis
911 1133 976 1168 con-

170 1192 289 1256 tingant.
325 1189 405 1240 Hunc
425 1202 518 1239 murus
538 1187 723 1238 circumdatus
738 1201 829 1238 arcem
842 1188 927 1238 efficit
943 1192 974 1238 et

172 1273 233 1310 cum
250 1257 349 1324 oppido
365 1257 514 1324 coniungit.
551 1256 615 1307 llnc
629 1257 731 1306 Caesar
744 1257 850 1322 magnis
864 1262 973 1306 noctur·

170 1329 215 1378 nis
228 1328 386 1394 diurnisque
401 1327 546 1378 itineribus
555 1325 709 1386 contendit,
728 1331 915 1391 occupatoque
925 1338 973 1391 op·
1067 1335 1068 1394 l

170 1397 250 1464 pido,
259 1397 298 1448 ibi
309 1395 475 1461 praesidium
486 1395 613 1446 collocat.

223 1465 348 1518 XXXIX
382 1465 577 1531 liumpaucos
595 1464 654 1515 dies
676 1463 711 1514 ad
720 1461 915 1515 Vesontionem
930 1463 971 1514 rei

170 1533 369 1588 frumentariae
380 1540 602 1601 commeatusque
613 1548 710 1584 caussa
720 1538 856 1594 moratur,
867 1547 901 1584 ox
911 1547 972 1598 per·

171 1606 349 1656 cunctatione
359 1610 516 1656 nostrorum
527 1603 693 1670 vocibusque
704 1601 848 1653 Gallorum
860 1617 893 1651 ac
902 1616 971 1652 mer·

171 1679 312 1735 catorum,
331 1674 377 1739 qui
388 1674 492 1740 ingenti
504 1671 692 1738 magnitudine
702 1686 846 1737 corporum
858 1669 970 1720 Germa·
1068 1709 1069 1726 ,

169 1756 235 1803 nos,
253 1741 407 1792 incredibili
422 1743 526 1792 virtute
540 1747 623 1806 atque
639 1740 875 1790 exercitationem
886 1740 970 1788 armis

170 1824 232 1862 csse
251 1809 458 1875 praedicabant,
487 1821 684 1873 saepenumero
699 1822 761 1859 sese
776 1822 837 1858 cum
852 1808 891 1857 eis
907 1821 971 1857 cou-
1068 1825 1069 1862 3

169 1893 281 1946 grossos
291 1891 326 1928 ne
339 1876 444 1928 nultum
454 1877 564 1945 quidem
575 1882 658 1942 atque
668 1878 754 1927 aciem
766 1876 907 1928 oculorum
918 1875 971 1926 fer·

169 1961 201 1998 re
219 1947 355 2013 potuisse,
383 1950 478 1998 tantus
489 1945 581 1996 subito
595 1947 680 1997 timor
694 1960 803 1997 omnem
818 1946 969 1996 exercitum

171 2016 330 2081 occupavit,
350 2019 452 2066 utnon
466 2015 644 2068 mediocriter
657 2016 778 2066 omnium
794 2021 898 2065 mentes
914 2015 971 2082 arii·

169 2098 285 2152 nosque
300 2085 484 2150 perturbaret.
520 2085 574 2138 llic
587 2085 705 2150 primum
719 2089 851 2136 ornrsest
860 2099 877 2134 a
887 2083 972 2134 tribu·

170 2156 214 2206 nis
225 2154 354 2216 militum,
366 2154 514 2219 praefectis
523 2153 704 2221 reliquisque,
714 2155 772 2221 qui,
783 2169 816 2206 ex
827 2154 896 2206 urbe
906 2154 972 2204 arni-

170 2225 252 2276 oitiao
262 2239 360 2276 caussa
370 2223 514 2276 Caesarem
525 2225 626 2284 secuti,
641 2237 696 2272 riou
706 2237 833 2290 magnum
844 2225 871 2272 iu
881 2237 912 2274 rc
922 2225 972 2273 mi·

169 2293 246 2344 litari
261 2307 339 2344 usum
351 2291 500 2345 habebant:
513 2307 629 2360 quornm
639 2292 724 2354 aluis,
738 2291 794 2344 alia
805 2307 902 2344 caussa
912 2292 971 2342 illa-
1068 2303 1069 2320 ¹

169 2367 212 2424 ta,
226 2377 308 2430 quam
318 2362 369 2412 sibi
380 2362 414 2414 ad
425 2362 651 2429 proficiscendum
663 2363 846 2412 necessariam
858 2377 918 2413 esse
933 2362 971 2413 di·

169 2438 277 2492 carent,
289 2431 433 2497 petebant,
444 2439 475 2483 ut
486 2434 544 2483 eius
553 2430 697 2483 voluntate
707 2431 848 2482 discedere
858 2432 970 2484 licerett

169 2500 309 2562 nonnulli,
328 2501 432 2567 pudure
443 2501 566 2562 adducti,
581 2505 614 2551 ut
622 2501 729 2550 timoris
738 2501 920 2567 suspicionem
930 2502 969 2550 vi·
1067 2517 1068 2538 1

168 2573 273 2630 tarent,
284 2572 472 2625 remanebant.
500 2568 752 2637 lliuequevultum
762 2571 969 2636 lingnamque
1067 2551 1068 2604 l

168 2636 306 2689 interdum
322 2637 449 2692 lacrimas
464 2645 559 2694 tenero
572 2644 712 2706 poterant:
740 2639 825 2692 abditi
836 2642 863 2690 in
879 2637 968 2690 taber·
1003 2627 1010 2650 ’

168 2707 275 2762 uaculis
285 2712 335 2760 aut
343 2723 423 2764 suurn
435 2709 523 2764 latum
533 2708 729 2779 querebantur,
740 2713 789 2762 aut
799 2724 860 2762 cum
870 2705 965 2760 famili·
