2152 3144
370 201 518 257 brnen
552 203 612 256 111.
845 207 895 260 3ῦ3

95 305 200 374 proelio
220 305 256 357 ad
271 305 417 358 Caesarem
430 312 497 358 sutri
508 308 598 358 relata
609 305 749 376 CLXXX,
768 313 802 360 ‘et
821 311 896 376 aqui·

84 381 137 429 -tae
149 391 255 428 norem.
286 377 318 428 L.
330 378 480 438 Domitius,
491 391 526 428 er
538 376 636 428 eastris
648 379 676 428 in
688 379 808 430 montem
821 378 895 430 reiu-

94 449 187 514 giens,
208 454 292 514 quum
304 450 377 498 vires
390 461 452 498 eum
472 446 639 499 lassitudine
655 446 836 510 defecissent,
860 450 894 500 ab

85 517 232 586 equitibus
245 516 472 568 estinterfeetus.
503 522 505 530 ’
550 529 552 539 ’
654 571 656 576 ,

86 613 90 619 -
149 587 178 638 G.
206 585 312 638 Eodem
332 592 458 654 tempore
480 584 515 635 D.
535 583 648 637 Laelius
668 600 730 636 cum
749 586 837 638 classe
859 588 895 638 ad

94 655 273 708 Brundisium
285 659 375 719 venit3
394 656 547 723 eademque
559 659 676 718 ratione,
695 669 751 722 qua
761 654 865 706 factum
879 673 895 708 a

95 727 201 779 Libone
221 732 304 776 antea
323 727 586 787 demonstravimus,
617 726 735 776 insulam
757 726 895 777 obiectam

95 797 186 864 portui
207 794 377 846 Brundisino
398 796 499 846 tenuit.
538 793 675 847 Similiter
685 788 827 857 Vatinius,
849 797 897 864 qui

94 864 245 916 Brundisio
253 869 401 932 praeeram
422 865 716 934 tectis'instructisqne
727 863 837 932 scaphis
849 865 897 916 eii·

95 936 154 986 cuit
173 933 430 997 navesLsetmnns3
450 941 534 1004 atque
555 950 589 988 ex
609 933 651 985 his
671 935 783 1003 longius
797 935 896 1000 produ-

89 1011 167 1070 ctam
180 1019 262 1055 unam
275 1007 502 1073 quinqueremem
514 1009 543 1056 et
552 1005 676 1057 minores
687 1006 755 1056 dues
771 1006 799 1056 in
812 1020 895 1072 angu-

95 1077 158 1125 stiis
179 1080 276 1140 portus
296 1078 382 1142 oepit3
401 1077 524 1142 itemque
544 1090 594 1142 per
616 1075 724 1143 equites
745 1075 896 1144 dispositos

95 1157 166 1211 aquo
185 1142 332 1210 prohibere
353 1145 511 1212 classiarios
531 1145 661 1196 instituit.
697 1143 752 1196 Sed
773 1145 896 1207 Laelius,

87 1221 220 1279 vtempore
231 1215 295 1264 enni
305 1213 494 1266 commodiore
503 1229 569 1264 usus
581 1215 615 1265 ad
626 1211 823 1282 navigandumj
832 1229 896 1265 one-

88 1285 177 1334 rariis
198 1284 312 1335 navibus
328 1286 450 1352 Corcyra
464 1281 694 1350 Dyrrhachioque
715 1299 816 1352 aquam
837 1285 896 1334 suis

10 1411 12 1416 ,
93 1355 284 1420 supportabat,
296 1369 386 1420 neque
398 1369 414 1402 a
426 1354 569 1418 proposito
581 1353 785 1416 deterrebatur,
797 1367 896 1419 neque,

93 1431 160 1474 ente
180 1423 315 1490 proelium
334 1424 365 1473 in
384 1421 531 1474 Thessalia
550 1421 656 1473 factum
675 1425 826 1492 cognitum,
848 1431 896 1474 arnt

94 1493 248 1558 ignominia
269 1493 434 1544 emissarum
456 1494 580 1554 narium,
602 1505 650 1543 aut
670 1495 894 1543 necessariarum

67 1579 68 1582 ¹
89 1577 187 1615 ¹rerum
197 1565 298 1629 inopia,
315 1571 352 1614 ex'
361 1567 444 1629 portu
455 1562 600 1628 insuieque
612 1561 714 1628 expetii
725 1565 824 1628 potuit.

55 1657 57 1662 ν
90 1660 93 1668 ·
147 1632 190 1683 Gi.
208 1633 309 1698 lisdem
331 1632 391 1684 fere
413 1627 583 1699 temporibus
601 1631 712 1682 Cassius
729 1647 790 1681 cum
807 1631 897 1684 classe

94 1701 229 1769 Syrorum
237 1709 272 1754 'et
284 1700 453 1753 Phoenicum
471 1709 499 1752 et
511 1701 626 1752 Cilicum
641 1702 669 1751 in
680 1699 802 1753 Siciliam
812 1703 897 1756 venit.

94 1774 138 1834 Et,
149 1785 232 1839 quum
245 1777 319 1823 esset
330 1773 457 1822 Caesaris
470 1772 566 1822 elassis
579 1771 665 1823 divisa
674 1771 702 1822 in
714 1771 782 1822 duas
793 1778 897 1838 partes,

94 1848 123 1894 et
133 1841 265 1894 dimidiae
281 1843 354 1908 parti
376 1848 516 1907 praeesset
531 1841 559 1892 P.
572 1841 710 1908 Sulpicius
728 1849 841 1909 praetor
852 1839 897 1895 Vi-

93 1912 167 1963 ¹boue
185 1911 219 1962 ad
230 1910 348 1975 fictum,
370 1911 501 1962 dimidiae
512 1913 550 1962 M.
562 1911 731 1978 Pomponius
743 1911 778 1962 ad
790 1912 897 1964 Messa·

93 1997 172 2032 earne
190 1982 267 2047 prius
280 1984 391 2034 Cassius
402 1982 437 2033 ed
448 1982 606 2032 Messanam
619 1981 735 2033 navibus
750 1980 897 2044 advolavit,

95 2064 176 2118 quam
188 2051 357 2117 Pomponius
369 2051 474 2103 deeius
486 2053 606 2104 adventu
622 2057 817 2119 cognosceret3
835 2065 897 2118 per·

95 2121 291 2187 turbatumque
302 2135 365 2172 eum
377 2127 484 2182 nactus,
495 2121 578 2173 nullis
590 2121 733 2182 custodiis,
749 2135 840 2187 neque
853 2135 897 2171 or-

94 2189 208 2240 dinibus
229 2191 325 2252 certis,
348 2205 446 2256 magno
467 2196 549 2242 vento
562 2189 723 2242 etseeundo
744 2189 897 2254 completas

94 2259 239 2308 onerarias
249 2273 332 2310 naves
342 2260 427 2310 taeda
438 2265 466 2310 et
477 2261 536 2325 pice
547 2266 575 2310 et
586 2267 667 2326 stupa
677 2258 845 2326 reliquisque
856 2273 898 2310 re·

94 2328 161 2390 bus,
181 2334 328 2394 quaesunt
343 2327 379 2378 ed
395 2328 535 2390 incendia,
557 2329 585 2378 in
598 2329 815 2394 Pomponianam
827 2327 897 2379 clas·

94 2410 155 2448 sem
165 2397 282 2448 immisit
293 2403 376 2464 atque
388 2411 484 2458 omnes
499 2413 583 2448 nares
598 2397 723 2448 incendit
738 2398 857 2468 quinque
869 2403 898 2448 et
985 2424 987 2430 .
1039 2425 1041 2431 f

94 2467 226 2534 trigintat
249 2468 375 2533 equibus
390 2473 470 2518 erant
479 2468 578 2534 viginti
595 2473 768 2520 constratae:
789 2472 896 2518 tantus·
979 2505 982 2512 .

95 2551 149 2605 que
166 2551 200 2589 eu
215 2533 290 2588 facto
311 2538 395 2588 timor
416 2538 540 2600 incessit,
562 2542 602 2598 ut,
622 2551 705 2604 quum
727 2543 803 2588 esset
822 2535 898 2603 legio
919 2593 920 2597 Ἰ

94 2607 235 2676 praesidio
245 2607 406 2672 Messanae,
425 2609 472 2658 rix
484 2605 615 2674 oppidum
628 2605 838 2658 defenderetur:
859 2610 897 2670 et,

95 2679 147 2729 nisi
161 2692 194 2730 eo
204 2679 264 2744 ipso
275 2683 401 2746 tempore
413 2677 522 2744 quidam
534 2677 802 2729 nunciideCeesaris
813 2676 897 2725 victo·

95 2750 138 2800 ria
147 2761 199 2823 per
208 2747 359 2818 dispositos
370 2750 477 2820 equites
489 2747 687 2810 essentadiati,
699 2745 897 2800 existimabant

418 3026 426 3052 i
