2134 3148
186 205 240 261 lid
370 206 402 258 Δ.
420 205 561 258 HlRTll
580 205 635 257 Dii
652 203 794 259 BELLO

183 311 310 380 marique
319 309 431 362 clausos
441 326 471 362 se
482 307 550 360 nibil
558 308 695 376 prolicere
706 309 856 372 intellexit,
866 323 987 380 suoque

183 387 234 433 ant
245 381 408 433 interiectos
419 387 469 431 aut
485 380 612 448 fugatos,
633 380 673 431 Μ.
685 381 820 433 Catonem
830 380 925 432 Uticae
935 379 987 430 sibi

182 453 273 520 ipsum
285 465 383 502 manus
397 449 537 513 intulisse,
557 463 653 518 regem
664 465 765 518 vagum
776 452 811 502 ab
821 451 933 518 suisque
944 449 989 500 de·

184 527 292 572 sertum
304 522 339 572 ab
350 521 478 572 omnibns
489 519 662 588 adspernari,
673 519 808 572 Saburam
819 521 936 586 eiusque
946 533 989 569 eo·

183 592 247 658 pias
258 591 293 642 ab
304 589 376 643 Sitio
386 605 448 644 esse
460 589 581 653 deletas,
598 589 693 642 Uticae
704 589 851 642 Caesarem
862 590 924 640 siue
935 601 992 638 mo·

184 673 218 712 ra
227 666 381 728 receptum,
402 660 436 712 de
446 666 527 710 tanto
538 660 663 712 exercitu
674 659 807 728 reliquias
818 673 880 712 esse
892 657 991 720 nullas,

185 731 321 797 quaesibi
336 731 449 799 suisque
465 729 559 781 liberis
573 729 754 798 prodessent;
776 747 793 782 a
803 729 921 781 Caninio
931 741 993 795 pro-

184 800 322 884 console,⁸
338 801 458 868 quieum
471 799 626 862 obsidebat,
646 799 702 852 lide
722 804 847 867 accepta,
867 811 952 868 seque
965 801 993 848 et

185 883 343 990 “iiiii
352 869 994 1004 ittiillinitititillante,

186 1007 323 1070 exclusus,
336 1007 484 1074 desperate
493 1009 596 1072 salute,
614 1023 698 1077 quum
709 1009 764 1060 iam
776 1012 909 1060 coenatus
920 1009 995 1058 esset

185 1091 248 1128 cnm
260 1076 382 1141 Petreio,
400 1084 433 1128 ut
443 1093 493 1148 per
501 1080 633 1130 virtatem
644 1079 785 1131 interlecti
795 1093 858 1130 esse
867 1076 994 1128 videren-

185 1151 241 1208 tur,
257 1146 334 1200 lerro
344 1148 419 1199 inter
428 1161 459 1200 se
470 1146 642 1216 depugnant:
661 1154 746 1216 atque
758 1150 863 1202 tirmior
872 1145 995 1198 imbecil-

185 1214 285 1269 liorem
296 1218 364 1269 lube
370 1212 512 1270 Petreium
525 1217 607 1269 facilc
618 1217 694 1271 ferro
705 1221 865 1270 consumsit.
884 1215 994 1268 Deinde

186 1288 246 1353 ipse
256 1287 309 1340 sibi
324 1302 408 1355 qoam
419 1293 572 1339 conaretur
585 1287 680 1356 gladio
700 1289 866 1340 mansiicere
885 1292 994 1354 pectus,

186 1371 239 1408 nec
249 1363 353 1425 posset,
364 1357 495 1424 precibus
507 1373 524 1408 a
534 1371 614 1410 servo
625 1373 677 1410 suo
687 1359 860 1426 impetravit,
870 1362 904 1408 ut
913 1372 945 1408 se
956 1357 995 1407 in·
1045 1361 1046 1372 ²

185 1426 340 1491 terliceret,
354 1427 439 1496 idque
449 1427 580 1479 obtinuit.

237 1495 319 1548 XCV.
338 1497 368 1548 P.
380 1495 467 1549 Sitius
482 1499 608 1560 interim,
628 1497 708 1566 pulso
722 1497 844 1550 exercitu
859 1494 997 1560 Saburae,

187 1564 322 1634 praelecti
338 1567 433 1630 lubae,
453 1569 571 1634 ipsoque
586 1568 745 1632 interiecto,
765 1584 851 1637 quum
865 1569 921 1618 iter
933 1581 996 1617 cum

188 1636 284 1704 paucis
295 1651 347 1702 per
357 1637 557 1689 Mauritaniam
573 1637 608 1688 nd
619 1639 767 1690 Caesarem
779 1637 899 1699 laceret,
918 1635 998 1688 forte

187 1704 288 1755 incidit
298 1707 327 1756 in
337 1706 471 1757 Faustum
477 1704 684 1775 Afraniumque,
697 1709 815 1777 quinam
826 1721 938 1758 manum
952 1705 1000 1758 ba·

187 1774 301 1838 bebant,
323 1788 378 1841 qua
391 1775 499 1827 Uticam
520 1775 703 1844 diripuerant,
723 1778 833 1848 iterque
852 1778 881 1827 in
896 1777 1000 1844 Hispa·

187 1842 264 1894 niam
274 1844 459 1896 intendebant
469 1852 499 1897 et
509 1854 591 1898 erant
602 1863 718 1899 numero
729 1849 840 1900 circitor
852 1845 918 1898 MD.
942 1846 1001 1897 lta·

188 1927 243 1982 que
262 1911 395 1964 celeriter
414 1919 552 1968 nocturno
573 1921 699 1986 tempore
714 1917 821 1969 insidiis
841 1917 1000 1984 dispositis,

177 1997 237 2035 -eos
247 1983 338 2050 prima
347 1982 408 2034 luce
419 1983 542 2048 adortus,
562 1993 676 2053 praeter
690 2003 793 2056 paucos
808 1989 924 2057 equites,
948 1987 1000 2054 qui

189 2054 330 2120 exprimo
344 2053 457 2121 agmine
472 2052 617 2122 fugerant,
637 2057 761 2126 reliquos
780 2064 829 2110 aut
848 2055 1000 2120 interficit,

187 2130 236 2176 aut
251 2125 280 2174 in
295 2122 467 2176 deditionem
482 2127 593 2195 accipit;
611 2126 756 2180 Afranium
773 2134 802 2180 et
811 2128 948 2180 Faustum
959 2127 999 2176 vi·

186 2208 236 2246 vos
248 2194 322 2259 capit
332 2209 393 2245 cum
404 2193 522 2264 coniuge
533 2204 563 2249 et
573 2196 676 2249 liberis.
701 2197 800 2250 Paucis
810 2203 875 2266 post
884 2197 1000 2262 diebus,

186 2261 365 2315 dissensione
374 2264 403 2314 in
416 2267 541 2316 exercita
553 2272 624 2330 orta,
641 2266 762 2320 Faustus
774 2273 802 2320 et
813 2267 945 2321 Afranius
956 2269 1001 2317 in-

186 2333 375 2396 terficiuntum
394 2333 544 2401 Pompeiae
555 2351 616 2388 cum
626 2337 725 2390 Fausti
734 2338 830 2392 liberis
841 2338 945 2390 Caesar
956 2338 1000 2389 in-

185 2401 376 2455 columitatem
388 2419 493 2472 suaque
504 2409 598 2458 omnia
612 2409 758 2460 concessit

232 2469 307 2523 XCV
308 2473 328 2522 1.
347 2471 440 2538 Scipio
451 2475 563 2526 interim
573 2491 634 2528 cum
647 2476 816 2545 Damasippo
827 2483 857 2530 et
867 2477 998 2546 Torqua-

186 2540 217 2586 to
227 2543 257 2588 et
262 2538 403 2592 Plaetorio
409 2542 554 2606 Rustiano,
564 2547 680 2598 navibus
690 2547 793 2616 longis,
803 2547 850 2599 diu
861 2545 999 2598 multum-

186 2614 241 2670 que
251 2607 356 2670 iactati‚
368 2622 450 2674 quum
462 2612 623 2679 Hispaniam
635 2623 773 2682 peterent,
783 2617 819 2668 ad
830 2617 997 2684 Hipponem

186 2674 295 2738 regium
307 2676 485 2742 deierantur,
501 2682 549 2732 ubi
558 2683 653 2734 classis
664 2683 694 2737 P.
705 2685 768 2738 Sitii
779 2701 830 2755 per
840 2686 868 2738 id
878 2691 997 2754 tempus

186 2745 260 2790 erat:
275 2757 292 2792 a
302 2758 356 2810 qua
365 2749 499 2813 pauciore
508 2751 542 2803 nb
553 2753 734 2823 amplioribus
744 2757 932 2810 circumventa
944 2769 997 2808 aa·
