2168 3134
407 189 558 245 breue
587 189 630 246 1.'
673 195 676 202 '
852 191 902 246 251

88 295 159 364 prio
171 293 288 348 missum
298 293 504 362 inllispanianr
514 294 736 348 demonstratum
752 298 809 359 est,
828 294 905 350 Afra*

88 361 159 417 nius
172 361 336 416 etPetreius
357 372 385 418 et
400 366 503 427 Varro,
525 365 613 432 legati
628 363 767 432 Pompeii,
786 379 905 436 quorum
958 391 960 396 v

89 450 172 486 unus
182 433 272 486 tribus
289 435 446 503 legionibus
457 435 623 502 Hispaniam
638 435 812 500 citeriorem
833 435 906 488 alter

86 521 111 560 ‚a
127 503 206 556 saltu
222 504 418 556 Castulonensi
438 505 473 556 ml
492 505 579 556 Anam
600 500 708 558 duabus
728 505 903 574 legionibus3

90 576 200 626 tertius
211 574 246 626 ab
258 575 317 626 Ana
328 575 480 628 Vettonum
491 589 589 642 agrum
600 573 832 644 Lusitaniamque
842 578 902 642 pari

90 657 215 696 numere
228 643 369 712 legionum
381 645 535 707 obtinebat,
554 643 647 696 cilicia
655 647 729 697 inter
738 660 770 697 se
781 647 904 712 pertiun·

91 721 152 777 tur,
169 715 211 766 uti
222 712 351 766 Petreius
362 713 554 767 exssleusitania
563 729 615 781 per
627 712 761 766 Vettones
773 731 834 766 eum
847 729 905 766 eni·

91 784 178 836 nibus
194 785 279 850 copiis
297 784 333 836 etl
342 783 484 838 Afranium
496 809 499 818 .
509 783 715 851 proficiscatur3
735 784 825 836 Varro
840 799 904 836 eum
922 820 924 824 ,

89 854 138 916 iis,
160 868 228 920 quas
238 853 367 918 habebat,
388 855 545 922 legionibus
556 868 667 904 omnem
678 854 843 906 ulteriorem
853 856 905 908 Hi-

91 925 223 990 spaniam
234 928 357 976 tueatur.
392 925 446 976 His
456 926 537 977 rebus
549 925 720 987 constitutis,
740 925 847 992 equites
858 937 905 976 au·

91 995 220 1060 uilisque
234 996 286 1044 toti
298 993 461 1046 Lusitaniae
477 994 630 1058 aPetreio;
651 993 814 1058 Celtiberis,
836 995 905 1046 Cari·

93 1063 185 1114 tabris
195 1062 380 1132 barbarisque
401 1063 541 1126 omnibus,
562 1064 610 1132 qui
621 1063 657 1116 ad
668 1064 808 1116 Oceanum
820 1065 905 1133 perti»

93 1138 174 1196 nent,
193 1133 352 1186 aberrante
363 1136 544 1201 imperentur.
580 1134 687 1195 Quibus
698 1135 812 1198 coactis,
833 1133 905 1186 cele·

93 1203 169 1253 riter
177 1200 306 1254 Petreius
325 1219 375 1271 per
389 1205 526 1258 Vettones
547 1203 583 1255 au
602 1203 747 1254 Afranium
768 1205 904 1270 pervenit.

95 1271 279 1324 constituunt
290 1276 428 1326 communi
444 1265 575 1336 consilio,
596 1273 702 1325 bellum
719 1273 756 1324 ad
770 1271 904 1338 ilerdam,

97 1347 215 1410 propter
225 1342 312 1408 ipsius
323 1343 380 1395 loci
391 1345 637 1410 opportunitatem,
648 1357 763 1410 gerere,
780 1368 782 1374 ι
897 1375 900 1384 ,

149 1412 276 1464 XXXlX.
295 1413 396 1477 Erant,
418 1418 449 1464 ut
465 1427 549 1478 supra
559 1412 777 1464 demonstratum
788 1416 845 1474 ert,
865 1410 905 1463 le

94 1481 196 1551 giones
207 1480 314 1534 Afranii
326 1488 393 1546 tres,
405 1483 510 1536 Petreii
520 1482 601 1543 (luae,
617 1486 767 1546 praeterea
777 1486 904 1532 scutatae

95 1553 236 1609 citerioris
246 1553 404 1618 provinciae
415 1558 444 1603 et
456 1557 582 1603 cetratae
594 1550 737 1602 ulterioris
749 1550 904 1617 Hispaniae

95 1621 227 1676 cohortes
237 1623 349 1676 circiter
365 1623 522 1689 octoginta,
542 1621 666 1689 equitum
682 1621 827 1688 utriusque
843 1633 904 1686 pro·

96 1692 204 1744 vinciae
224 1693 335 1744 circiter
354 1693 475 1760 quinque
496 1691 582 1742 milia.
621 1691 724 1742 Caesar
739 1690 864 1758 legiones
873 1690 903 1742 iri

97 1763 259 1828 Hispaniam
279 1764 470 1828 praemiserat,
489 1762 523 1814 ad
545 1776 595 1814 sex
615 1761 693 1812 milia
708 1761 813 1812 auxilia
827 1759 900 1831 pedi·

97 1839 167 1893 tuni,
179 1834 303 1898 equitum
314 1835 370 1883 tria
380 1832 471 1895 milia,
491 1847 562 1900 quae
573 1832 701 1884 omnibus
714 1832 904 1898 superioribus

97 1901 179 1954 bellis
191 1899 336 1964 habuerat,
352 1909 380 1954 et
390 1917 486 1969 parem
498 1917 532 1954 ex
544 1903 635 1954 Gallia
643 1917 808 1964 numerum,
821 1915 904 1968 quem

99 1972 158 2038 ipse
179 1980 335 2036 paraverat,
354 1975 516 2027 nominatim
538 1987 573 2024 ex
594 1973 722 2024 omnibus
743 1973 904 2023 civitatibus

100 2040 272 2093 nobilissimo
282 2049 309 2094 et
320 2042 471 2094 fortissimo
483 2057 592 2110 quoque
603 2047 727 2094 evocato.
751 2043 823 2092 lline
834 2041 904 2108 opti·

100 2111 137 2166 mi
147 2112 258 2177 generis
269 2110 410 2164 bominum
427 2127 462 2163 ex
473 2112 617 2179 Aquitanis
629 2112 835 2178 montanisque,
856 2109 905 2176 qui

42 2187 46 2194 '
101 2179 222 2234 Gelliam
233 2183 400 2248 provinciam
412 2182 568 2248 adtingunt.
586 2181 729 2241 Audierat,
740 2179 904 2245 Pompeium

100 2265 149 2320 per
157 2249 356 2304 Mauritaniam
372 2267 435 2304 cem
456 2251 612 2318 legionibus
628 2251 683 2302 iter
699 2252 727 2300 in
740 2248 904 2314 Hispaniam

100 2319 191 2380 facere
201 2320 404 2390 confestimque
416 2335 478 2383 esse
487 2326 647 2383 venturum3
662 2318 744 2370 simul
756 2334 773 2369 a
782 2318 904 2370 tribunis

100 2391 218 2446 militum
234 2391 499 2458 centurionibusque
514 2395 626 2440 mutuas
645 2389 776 2458 pecunias
792 2389 903 2439 sumsite

99 2455 147 2512 bas
159 2462 293 2514 exercitui
303 2461 452 2512 distribuit.
488 2459 550 2520 Quo
569 2459 651 2522 laete,
671 2458 739 2510 duas
754 2471 904 2510 rescense-¹

7 2585 10 2596 ,
101 2535 179 2582 cutus
195 2537 250 2593 est,
271 2529 345 2598 qued
359 2533 474 2598 pignore
486 2531 593 2582 animos
604 2529 796 2582 centurionum
808 2527 901 2580 ‹ierin-

100 2601 140 2652 xit
150 2606 179 2652 et
189 2601 341 2668 largitione
356 2601 475 2654 redemit
484 2599 603 2652 militum
614 2599 780 2650 voluntates.
850 2615 852 2622 ’

149 2669 209 2724 XL.
221 2669 323 2721 Fabius
333 2669 515 2723 finitimarum
526 2671 668 2722 civitatum
680 2673 787 2722 animos
798 2669 902 2720 litteris

8 2737 9 2746 ’
104 2739 262 2810 nunciisque
272 2741 407 2794 tentabat
443 2741 475 2794 ln
487 2739 575 2794 Sicori
600 2739 902 2806 tlominepentrseile
