2152 3132
373 193 522 268 nrnnn
557 192 611 250 vr.
854 193 903 250 ιιι
990 214 993 226 ·
1053 223 1057 230 κ

96 299 187 351 ritate
196 297 309 352 itineris
321 305 405 366 atque
417 300 630 367 opportunitate
642 301 778 368 temperis
788 299 905 367 prolice-

94 385 126 421 re
137 370 243 438 possit3
261 377 367 432 monet,
378 375 410 420 ut
420 371 502 437 ignes
513 369 575 421 lieri
591 372 620 420 in
633 372 734 421 castris
744 367 904 438 probibeat,

95 455 131 490 ne
144 454 200 558 qun
216 441 276 490 cius
291 439 427 490 odrenms
448 440 547 507 procul
565 441 735 507 significatio
754 441 817 490 liat:
838 453 902 490 sese

95 523 149 560 cun
165 511 249 561 cstim
259 509 392 576 subsequi
403 507 481 559 «licit.

150 577 238 630 XXX.
256 577 376 638 Basilus,
386 584 418 630 ut
429 580 597 646 imperatum
610 583 663 640 est,
674 576 755 639 saeit3
771 577 904 628 celeriter
985 635 990 646 ⁸

96 655 252 722 contraque
265 648 388 699 omnium
400 649 561 713 opinionem
572 645 702 700 confecto
714 647 825 708 itinere,
836 645 904 696 mul·

3 711 4 780 ff
97 723 144 768 tos
157 717 184 766 in
196 718 272 783 agris
282 717 463 782 inopinantes
473 715 670 782 deprehendit3
691 731 787 767 eornm
799 714 902 766 indicio

3 785 5 798 ¹
97 785 133 836 ad
150 786 241 852 ipsum
251 787 440 853 Ambiorigem
452 787 614 851 contendit,
634 801 689 854 quo
709 787 739 836 in
759 785 903 838 locutum

98 856 194 924 paneis
212 857 351 923 equitibus
372 871 433 907 csse
451 856 606 908 dicebatur.
642 855 764 907 Multum
779 869 863 922 quum
874 855 902 904 io

97 924 227 976 omnibus
246 926 341 987 rebus,
361 930 420 976 tum
438 927 510 976 inre
526 926 643 979 militari
665 932 760 992 potest
779 923 903 975 fortuna.

5 1057 9 1062 ¹
97 995 169 1047 Nam
181 993 254 1046 sicut
265 1009 368 1062 magno
380 994 482 1046 accidit
492 1009 567 1058 casu,
577 1002 610 1047 ut
620 997 648 1046 in
660 998 748 1063 ipsum
759 996 903 1046 incautum

97 1069 183 1130 atquc
195 1066 280 1115 etiam
290 1065 456 1129 imparatum
468 1064 618 1129 incideret,
638 1067 772 1134 priusque
784 1066 845 1116 eius
856 1060 903 1114 ad-

98 1139 200 1184 ventus
211 1134 245 1186 ab
255 1132 415 1185 bominibus
427 1134 583 1196 videretur,
603 1150 683 1204 quam
701 1135 776 1186 lama
791 1149 824 1184 ac
834 1148 903 1185 nnn·

97 1204 150 1255 ciis
161 1202 333 1256 auferretur:
345 1204 385 1254 sic
396 1219 514 1271 ruagnae
525 1203 580 1255 fuit
591 1203 729 1266 fortunae,
745 1205 820 1255 omni
832 1201 903 1252 mili-

97 1273 155 1324 tari
174 1275 372 1336 instrumento,
393 1274 467 1340 quod
484 1274 585 1324 circum
601 1291 631 1325 se
647 1273 776 1335 babebat,
795 1277 904 1337 erepte,

97 1341 195 1394 rbcrlis
205 1346 340 1411 equisque
353 1341 574 1410 comprehensis,
594 1345 683 1410 ipsum
696 1342 820 1408 effugere
831 1352 905 1390 uror·

97 1420 164 1465 tens.
201 1411 255 1464 Serl
269 1413 320 1464 boc
332 1428 365 1463 eo
378 1412 482 1463 lactum
494 1418 545 1473 est,
557 1413 640 1480 qued,
652 1410 779 1462 aredisrcio
791 1410 905 1460 circum·

98 1482 165 1532 clato
178 1483 256 1542 silva,
273 1487 316 1546 (ut
325 1489 391 1534 sunt
402 1481 463 1534 fere
476 1481 618 1534 domicilia
630 1482 784 1542 Gallorum,
801 1479 857 1545 qni,
867 1477 904 1525 ri·

98 1551 177 1604 tandi
194 1558 287 1604 aestus
309 1567 421 1614 caussa,
441 1552 604 1618 plerumque
618 1553 750 1602 silvarum
767 1563 799 1600 ac
816 1546 905 1598 llumi·

98 1636 165 1671 num
182 1627 283 1688 petunt
303 1624 536 1690 propinquitates)
557 1623 675 1672 comites
697 1619 905 1685 familiaresque

99 1694 160 1742 eirrs
178 1699 297 1760 anguste
313 1695 341 1742 iu
357 1693 419 1743 loco
437 1691 590 1759 paullisper
604 1692 728 1760 equitum
745 1695 906 1739 nostrornm

100 1764 154 1812 rim
166 1764 369 1813 sustinuerunt.
406 1761 458 1812 llis
470 1762 666 1828 pugnantibus,
675 1760 753 1811 illum
764 1760 791 1809 in
804 1773 904 1826 equum

99 1831 211 1902 quidam
224 1845 259 1882 ex
274 1833 332 1882 suis
349 1819 458 1881 intulit:
480 1829 634 1898 fugientem
655 1831 742 1882 silvae
763 1835 903 1881 texerunt

100 1903 147 1954 Sic
168 1907 196 1953 et
211 1900 247 1951 acl
264 1900 438 1956 subeundum
462 1903 629 1967 periculum,
652 1900 733 1952 etad
749 1899 903 1962 vitandum,

100 1968 449 2036 multumiortunannluit.
800 2013 803 2028 ‚

152 2040 251 2092 xxxi.
273 2041 415 2091 Ambiorix
427 2041 521 2107 coplas
538 2036 602 2092 suus
619 2041 760 2092 iudicione
771 2055 826 2090 non
841 2055 904 2091 con·

100 2110 226 2172 duxerit,
247 2108 322 2177 quod
339 2109 445 2175 proelio
462 2111 647 2162 dimicandum
662 2126 717 2160 non
728 2110 905 2171 existimarit,

98 2194 135 2229 an
147 2186 273 2245 tempore
289 2180 418 2230 exclusus
430 2184 458 2236 et
475 2182 623 2246 repentino
640 2180 764 2246 equitum
782 2178 902 2229 aduentu

98 2248 271 2316 prohibitus,
294 2263 378 2316 quum
390 2245 525 2316 reliquum
538 2251 689 2300 exercitum
702 2247 834 2314 subsequi
845 2262 904 2310 cre·

98 2319 187 2381 deret,
199 2317 311 2370 dubium
324 2325 380 2371 est:
391 2318 440 2371 sed
451 2324 536 2380 certe,
548 2318 670 2370 dionissis
681 2333 731 2385 per
742 2329 823 2382 agros
835 2313 904 2366 nun-

98 2389 162 2450 ciis,
183 2388 234 2440 sibi
251 2404 386 2457 quemque
399 2389 543 2440 consulere
554 2389 648 2454 iussit:
669 2401 786 2453 quorum
800 2401 864 2452 pars
875 2389 904 2438 in

100 2459 277 2518 Arduennam
289 2459 395 2522 silvam,
416 2473 479 2524 pars
491 2459 518 2507 in
531 2457 706 2509 continentes
717 2454 831 2522 paludes
842 2469 903 2522 pro·
1002 2495 1005 2501 .

99 2527 187 2596 fugit:
210 2528 257 2596 qui
268 2529 386 2594 preximi
398 2528 540 2580 Oceanum
552 2524 719 2588 t‘osrnnt,hi
730 2525 828 2577 insulis
838 2541 904 2578 sese

99 2599 317 2659 occultaverunt,
328 2614 397 2666 quas
409 2603 505 2650 aestus
515 2595 624 2648 cllicere
636 2600 818 2648 consuerunt:
833 2595 903 2648 mul·

99 2669 174 2731 ti,ex
184 2669 242 2720 suis
253 2667 355 2720 linibus
367 2669 488 2738 egressi,
504 2682 538 2720 se
546 2681 651 2734 suaque
664 2668 756 2718 omnia
767 2665 903 2717 alienissi·

100 2741 151 2792 nis
171 2737 359 2794 erediderunt
399 2737 569 2800 cnuroleum
590 2751 641 2791 rex
661 2736 792 2792 dimidiae
811 2737 901 2807 pertis
