2152 3144
265 200 633 257 saexanoaitio.
786 199 849 252 'aaa

46 321 96 360 rex
106 308 283 374 cognovisset
294 311 321 356 ot
333 306 532 356 transeundum
544 307 678 358 eiilumen
685 305 780 366 sciret,
793 319 849 354 ma·

46 393 116 448 guas
127 376 261 427 adversus
274 390 335 426 eum
349 376 442 440 copias
454 378 543 438 misit,
558 375 658 442 quibus
669 373 713 424 vel
723 375 849 440 superari

46 446 190 514 delerique
201 443 398 505 Mithridaten,
418 445 462 496 rel
472 446 533 496 sine
544 445 629 496 dubio
640 443 757 495 retineri
768 457 849 508 posse

48 516 189 568 credebat.
212 513 448 575 Quemadmodum
462 523 554 566 autem
566 514 683 580 optabat
694 527 756 562 oum
767 514 850 576 vinei,

48 591 88 639 sic
99 586 168 636 satis
180 583 308 645 habebat,
319 583 499 634 interclusum
511 587 652 636 acaesare
664 598 680 632 a
690 583 851 633 seretineri.

49 659 128 720 Quae
143 655 248 720 primae
263 653 359 718 copiae
374 651 476 704 ilumen
492 670 509 704 a
520 654 607 704 Delta
621 654 743 703 transire
760 657 789 701 et
799 642 852 702 Mi-

50 724 164 776 thridati
177 737 321 773 occurrere
332 727 493 788 potuerunt,
503 722 853 790 proeliumeommiserunt,

50 796 217 848 festinantes
233 793 391 859 praeripere
406 792 638 859 subsequentibus
654 792 789 842 victoriae
810 806 853 842 so·

51 867 195 915 rietatem:
218 874 335 928 quorum
347 863 480 928 impetum
491 861 668 913 Mithridates
680 875 855 928 magnacum

52 932 210 1002 prudentia,
227 931 426 982 consuetudine
438 936 534 982 nostra
545 931 645 983 eastris
657 930 775 994 stallatis,
794 947 854 982 sus·

52 1002 146 1054 tinuit.
183 999 273 1061 Quum
290 1015 355 1052 vero
365 1002 476 1052 incaute
491 1007 576 1068 atque
592 1000 748 1052 insolenter
762 1015 855 1051 sucee-

53 1071 120 1123 dere
136 1084 184 1122 eos
200 1071 402 1121 nrurritionibus
419 1070 539 1134 videret,
569 1072 719 1136 eruptione
731 1071 855 1137 undique

54 1141 143 1202 faeta,
174 1154 303 1206 teregnum
317 1156 461 1191 numerum
477 1155 572 1192 eorum
585 1140 737 1192 interiecit.
774 1139 856 1202 Quod

55 1211 111 1262 nisi
120 1212 244 1262 locorum
256 1210 358 1261 notitia
369 1209 470 1277 reliqui
480 1226 509 1262 se
521 1212 669 1272 texissent,
681 1229 684 1237 ’
698 1211 856 1276 partimque

54 1284 191 1341 iouaves,
223 1279 322 1346 quibus
340 1278 442 1330 ilumen
461 1281 646 1342 transierant,
674 1281 858 1344 recepissent,

55 1350 182 1400 funditus
197 1347 283 1400 deleti
299 1355 398 1400 essent.
435 1351 487 1411 Qui
503 1355 535 1399 ut
545 1348 698 1414 paullulum
715 1350 749 1398 ab
765 1348 858 1398 illoti·

56 1435 133 1470 more
144 1435 174 1469 se
185 1423 361 1480 recrearunt,
382 1417 520 1468 adiunctis
530 1420 577 1479 iis,
598 1420 644 1485 qui
655 1418 860 1484 subsequeban-

55 1495 112 1552 tur,
132 1501 227 1538 rursus
239 1501 398 1555 oppugnare
408 1487 591 1538 Mithridaten
602 1495 762 1553 coeperunt.

107 1557 236 1610 XXVlll.
255 1558 380 1608 Mittitur
395 1572 412 1607 a
424 1556 587 1608 Mithridate
603 1559 719 1608 nuncius
736 1554 860 1619 Caesari,

55 1630 103 1695 qui
115 1643 174 1678 rem
185 1633 291 1693 gestam
304 1625 448 1693 perferret.
479 1627 629 1694 Cognoscit
639 1641 672 1677 ex
682 1626 749 1688 suis,
760 1627 859 1678 eadem

55 1699 126 1749 haee
136 1696 281 1759 accidisse,
311 1712 371 1748 rex¹
406 1697 449 1746 lta
465 1712 552 1762 paene
563 1697 613 1748 sub
624 1696 697 1747 idem
710 1701 819 1763 tempus
831 1703 861 1747 et

55 1782 108 1822 rex
119 1767 153 1817 ad
169 1767 378 1833 opprimendum
394 1765 579 1818 Mithridaten
598 1766 798 1831 proficiscitur,
830 1771 860 1816 et

56 1839 160 1887 Caesar
171 1837 205 1887 ad
222 1836 420 1903 recipiendum.
457 1837 599 1888 Celeriure
611 1835 731 1907 ilunrinis
744 1835 801 1886 Nili
813 1851 859 1886 na·

55 1908 196 1973 rigatione
211 1921 261 1956 rex
274 1912 420 1970 estusus,
439 1908 468 1957 in
488 1922 541 1974 quo
553 1921 681 1972 magnam
693 1915 722 1957 et
733 1912 859 1970 paratam

57 1977 173 2027 classem
189 1975 317 2028 habebat.
354 1978 457 2028 Caesar
472 1976 570 2028 eodem
585 1977 689 2028 itinere
704 1976 748 2026 uti
760 1976 859 2036 noluit,

58 2061 93 2096 ue
108 2045 223 2098 naribus
234 2047 263 2095 in
277 2045 389 2098 ilumine
405 2047 563 2098 dimicaret:
594 2044 643 2098 sed
660 2046 860 2097 circumvectos

57 2130 91 2168 eo
102 2117 184 2176 mari,
215 2116 288 2182 quod
299 2115 408 2166 africae
419 2117 505 2182 partis
516 2131 578 2167 esse
589 2114 703 2178 dieitur,
726 2116 806 2165 sicuti
818 2130 862 2164 su·

58 2197 108 2251 pra
119 2184 379 2247 demonstravimus,
390 2187 467 2252 prius
477 2191 570 2235 tameo
583 2185 659 2250 regis
671 2185 861 2250 copiisorour·

57 2254 104 2316 rit,
125 2269 206 2319 quam
218 2255 242 2304 is
255 2253 440 2305 Mithridaten
450 2254 564 2320 adgredi
575 2259 678 2319 posset,
699 2268 815 2319 euntque
826 2251 860 2301 ad

58 2339 90 2375 se
101 2324 237 2373 victorem
252 2322 385 2374 incolumi
401 2325 526 2374 exercitu
537 2323 651 2389 recepit.
690 2322 861 2372 Consedorut
907 2344 909 2352 ·

59 2407 119 2443 rmnr
130 2393 218 2459 copiis
233 2407 282 2442 rex
299 2393 360 2445 loeo
373 2397 474 2443 natura
488 2393 611 2453 munito,
640 2391 713 2458 quod
730 2398 792 2443 erat
802 2393 861 2458 ipse

60 2461 207 2523 excelsior,
223 2463 338 2531 planitie
351 2477 385 2514 ex
396 2464 523 2512 omnibus
533 2463 658 2526 partibus
668 2461 801 2522 subiecta,
813 2461 863 2510 tri-

59 2535 110 2584 bus
126 2537 221 2582 autem
238 2547 272 2582 ex
287 2532 422 2584 lateribus
437 2533 522 2582 variis
541 2545 644 2596 genere
662 2531 861 2582 munitionibus

61 2601 217 2668 tegebatur.
254 2600 342 2656 Vnum
353 2603 429 2654 latus
441 2607 503 2653 erat
515 2601 652 2652 adiectum
664 2600 771 2652 ilrrnrini
784 2599 862 2659 hiim

64 2671 179 2722 alterum
193 2670 346 2724 editissimo
357 2672 418 2724 loco
426 2671 547 2735 ductum,
558 2677 700 2738 utpartem
708 2676 860 2724 castrorum
954 2675 956 2680 '

62 2741 216 2805 obtineret,
237 2745 352 2796 tertium
366 2742 465 2812 palude
477 2743 649 2812 cingebatur.
