2168 3134
340 192 491 246 LIBER
525 192 611 248 vlit.
827 193 881 248 225

69 303 127 360 tur,
138 295 337 360 L.,Lentulum
350 296 418 347 etc.
431 295 598 350 Marcellum
610 299 816 360 Cusaereutos,
833 301 881 365 qui

70 383 182 418 curnem
205 363 341 417 bonorem
363 371 391 417 et
412 365 577 433 dignitatem
595 369 722 419 Caesaris
744 367 880 433 exspolia·

69 447 150 499 rent3
178 441 304 501 ereptum
326 435 384 488 Ser.
408 435 514 488 Galbae
538 438 727 499 consulatum,
749 452 833 504 quum
856 439 879 487 is

70 506 163 558 nttrltu
173 506 236 571 plus
248 508 340 571 gratia
355 503 550 572 suffragiisque
567 507 714 567 valuisset,
734 506 808 573 quad
825 507 878 556 sibi

70 578 236 630 coniunctus
247 580 276 626 et
289 571 482 628 familiaritate
498 582 528 628 et
544 576 748 628 necessitudine
762 576 878 643 legatio·

71 649 115 696 nis
132 651 214 696 esset.

124 714 171 767 Ll.
190 715 332 780 Exceptus
348 714 530 765 estCacsaris
548 714 683 767 adventus
700 714 879 766 ab-emnibus

71 785 232 850 municipiis
244 789 272 834 et
283 780 399 834 coloniis
415 784 571 835 incredibili
586 782 692 837 honore
708 790 791 852 atque
804 797 880 834 anro-

71 871 117 905 re:
135 860 196 904 tum
218 854 337 920 primum
360 853 431 904 enim
453 853 586 906 veniebat
606 855 639 906 ab
661 853 711 904 illo
732 855 880 904 universae

71 923 183 976 Galliae
194 923 276 975 bello.
299 920 377 972 Nihil
388 922 604 990 relinquebatur,
615 923 690 993 quod
700 923 736 974 ad
748 928 879 974 ornatum

72 999 230 1059 portarum,
249 992 395 1054 itinerum,
418 992 543 1044 locorum
557 997 689 1055 omnium,
710 992 881 1060 quaCaesar

72 1066 165 1114 iturus
185 1068 254 1124 erat,
275 1061 428 1128 excogitari
449 1069 551 1128 posset.
588 1065 656 1116 Cum
678 1063 773 1114 liberis
789 1062 879 1114 omnis

73 1132 223 1182 multitudo
236 1132 345 1183 obviam
357 1131 536 1196 procedebat:
552 1130 660 1186 hostiae
672 1133 798 1183 omnibus
809 1131 880 1183 locis

72 1201 301 1252 immolabantur:
313 1201 440 1252 tricliniis
451 1203 547 1252 stratis
557 1201 620 1253 fora
630 1201 789 1268 templaque
800 1215 881 1252 occu·

73 1272 228 1338 pabantur,
249 1276 280 1321 ut
301 1269 345 1322 vel
367 1273 598 1336 exspectatissimi
618 1269 750 1337 triumphi
770 1271 880 1323 laetitia

74 1341 195 1407 praecipi
207 1343 309 1407 posset.
338 1341 430 1390 'l'anta
441 1347 501 1391 erat
512 1342 717 1408 uragoiiiccntia
727 1340 802 1406 apud
813 1354 882 1405 opu·

73 1411 220 1472 lentiores,
237 1409 372 1476 cupiditas
383 1409 454 1474 apud
468 1409 637 1461 humiliores.

128 1479 188 1530 lill.
206 1481 296 1541 Quum
309 1494 405 1529 coines
416 1480 544 1543 regiones
555 1478 665 1530 Galliae
676 1479 802 1545 Togatae
814 1476 880 1528 Cae·

75 1565 122 1614 sar
134 1550 363 1614 percucurrissent,
379 1563 486 1598 summa
498 1564 560 1598 cum
571 1551 717 1610 celeritate
728 1547 763 1598 ad
775 1549 880 1598 exerci-

75 1627 135 1671 tum
152 1617 384 1670 Nemetocennam
402 1617 496 1668 rediit:
517 1618 728 1685 legionibusque
744 1631 777 1668 ex
794 1618 880 1666 onini-

77 1690 129 1741 bus
141 1686 263 1739 hibernis
274 1687 309 1738 ad
320 1689 389 1738 lines
400 1688 578 1744 'Trevirorum
591 1691 726 1749 evocatis,
743 1701 777 1738 eo
788 1685 880 1753 prole·

76 1766 139 1812 ctus
160 1763 204 1809 est
222 1757 314 1824 ibique
331 1759 482 1807 exercitum
498 1757 636 1808 lustravit.
674 1759 708 1808 Τ.
724 1757 879 1809 Labienum

76 1827 186 1880 Galliac
198 1826 324 1892 Togatae
335 1825 483 1892 praefecit,
506 1843 559 1894 quo
580 1829 685 1880 maiore
706 1825 880 1880 commenda·

76 1901 152 1955 tione
168 1897 364 1947 conciliaretur
378 1895 413 1946 ad
430 1897 590 1950 consulatus
611 1898 783 1965 petitionem.
818 1898 882 1963 lpse

75 1971 185 2020 tanturn
194 1965 327 2016 itinerum
338 1964 467 2028 faciebat,
478 1974 612 2034 quantum
622 1969 691 2020 satis
703 1983 764 2019 esse
776 1965 811 2017 ad
822 1981 881 2016 mu-

76 2037 211 2088 tationem
230 2035 370 2098 locorum,
392 2040 508 2101 propter
523 2037 723 2097 salubritatem,
741 2035 881 2088 existima·
955 2071 957 2076 ·

75 2107 132 2158 bat.
168 2105 211 2156 lbi
222 2119 386 2171 quamquam
398 2106 496 2157 crebro
509 2106 654 2168 audiebat,
676 2106 832 2158 Labienum
844 2105 882 2155 ab

75 2175 194 2228 inimicis
205 2175 262 2225 suis
273 2172 433 2236 sollicitari3
444 2176 604 2242 certiorque
610 2176 706 2236 tiebat,
717 2174 745 2225 id
757 2175 804 2239 agi
814 2186 880 2238 pau-

75 2247 171 2300 corum
183 2242 316 2306 consiliis,
333 2248 379 2307 ut,
399 2245 566 2309 interposita
577 2250 689 2296 senatus
701 2244 879 2303 auctoritate,

75 2315 169 2382 aliqua
179 2319 257 2380 parte
274 2312 414 2365 exercitus
430 2313 613 2378 spoliaretur3
635 2319 729 2364 tamen
741 2325 831 2378 neque
843 2309 878 2362 de

74 2383 201 2434 Labieno
213 2381 332 2434 credidit
343 2381 507 2450 quidquam,
530 2398 632 2450 neque,
653 2388 752 2432 contra
763 2384 877 2434 senatus

74 2452 271 2504 auctoritatem
283 2457 313 2502 ut
324 2451 431 2519 aliquid
443 2451 558 2514 faceret,
572 2451 665 2519 potqit
676 2449 788 2502 adduci:
810 2448 879 2500 iudi·

77 2523 158 2574 cubat
169 2523 253 2583 enim,
268 2519 366 2573 liberis
378 2524 523 2574 sententiis
535 2527 645 2588 patrum
658 2521 878 2585 conscriptorum

74 2606 201 2642 caussam
212 2605 288 2641 suam
302 2590 383 2642 facile
395 2592 524 2644 obtineri.
560 2590 630 2644 Nam
643 2590 672 2642 C.
684 2591 778 2651 Curio,
792 2589 877 2640 tribu·

76 2675 127 2713 uua
146 2660 249 2728 plebis,
270 2675 353 2727 quum
372 2661 499 2712 Caesaris
515 2675 639 2712 caussam
660 2660 879 2728 dignitatemque

76 2725 276 2852 riegondegdam
289 2733 469 2798 suscepisset,
483 2745 568 2799 saepe
580 2736 641 2784 erat
652 2730 760 2784 senatui
771 2727 879 2796 pollici·

125 2813 170 2850 ur..
211 2812 270 2850 nna.
