2134 3148
183 140 238 196 ιω
377 142 409 193 n
427 111 568 194 urnrrr
586 138 800 193 urrunnu

183 246 222 300 sil
239 259 318 298 mue
336 260 435 298 versus
453 243 581 296 consedit
599 248 630 296 et
648 248 742 295 casua
759 244 868 294 moure
888 243 995 310 coepit.

184 315 268 380 Quod
286 323 436 384 postquam
456 315 569 366 Caesari
589 314 752 364 nunciatum
771 318 828 392 esp,
845 313 937 364 milite
959 312 996 363 ab

186 401 271 452 opere
282 384 418 447 deducto,
438 385 539 435 castris
554 382 693 449 praesidio
704 385 858 449 Asprenate
874 397 996 449 procon-

185 454 247 508 sule
263 470 327 506 curn
343 453 502 522 legionibus
517 453 623 504 duabus
632 452 747 518 ¹relicto,
767 453 827 518 ipse
838 467 996 518 orrurexpe-

186 525 247 578 (lita
263 524 342 590 copia
355 525 386 574 in
401 539 465 575 euin
480 523 572 574 locum
583 523 689 574 citatim
702 521 859 574 contendit:
880 522 996 572 classis·

185 608 240 662 que
250 600 331 660 parte
347 593 383 644 ad
392 591 534 660 Thapsum
545 592 659 655 relicta,
678 591 802 661 reliquas
817 607 904 643 nares
915 592 997 642 iuhet

185 669 251 732 post
265 659 387 714 hostiurn
402 667 511 729 tergum
528 677 610 730 quarn
624 663 746 712 maxime
757 661 793 712 ad
808 661 878 712 litus
889 659 996 726 adpelli

186 733 620 868 zlffililslllhihii
631 730 997 852 tillitlltillh

188 838 415 932 rentterrorem’,
436 878 469 921 ut
481 857 831 937 perturbatiacperterriti
851 869 997 936 respicere

189 945 254 1010 post
263 946 346 1005 terga
357 947 539 1005 cogerentur.

241 1005 367 1060 Lxxxl.
385 1009 448 1069 Quo
458 1017 604 1076 postquam
615 1010 719 1062 &esar
732 1010 858 1078 pervenit
867 1013 897 1059 et
906 1007 996 1059 anim-

189 1078 312 1130 advortit
331 1078 420 1129 aciem
440 1093 492 1146 pro
511 1080 585 1130 rallo
606 1079 753 1145 Scipionis,
773 1077 995 1145 elephantosque

189 1148 291 1200 dextro
300 1147 470 1214 sinistroque
481 1163 570 1201 cornu
579 1149 745 1210 collocatos,
764 1152 794 1200 et
803 1146 891 1197 nihilo
903 1147 995 1196 minus

189 1222 298 1288 partem
310 1217 428 1267 militum
445 1225 538 1268 castra
551 1233 609 1270 nou
628 1219 766 1286 ignaviter
785 1217 908 1268 munire:
925 1217 994 1281 ipse,

95 1303 101 1316 ·
190 1288 251 1340 acie
270 1286 374 1352 triplici
391 1277 544 1350 collocata,¹
562 1287 677 1356 logione
695 1287 802 1339 (lecim
818 1285 995 1352 secundoque

191 1347 291 1408 dextro
302 1363 399 1418 cornu,
410 1363 624 1409 octaruetnona
634 1358 758 1419 sinistro,
770 1357 907 1423 oppositis
918 1355 995 1421 quin·

190 1440 245 1492 que
255 1426 411 1494 legionibus
421 1426 450 1480 in
463 1433 563 1494 quarta
575 1427 652 1489 acie,
668 1433 733 1478 anto
749 1427 810 1493 ipsa
819 1439 925 1476 cornua
938 1424 996 1491 qui-

188 1497 233 1544 nis
248 1494 409 1548 cohortibus
425 1496 642 1550 contra-bestias
652 1495 810 1557 colloontis,
830 1493 996 1562 sagittariis,
1039 1521 1041 1552 1

188 1555 380 1616 funditoribus
392 1565 420 1614 in
433 1567 557 1633 utrisque
568 1565 699 1617 cornibus
710 1564 864 1631 dispositis,
885 1563 995 1629 levique
1040 1557 1041 1562 ’

188 1640 335 1684 armature
349 1635 424 1684 inter
440 1636 550 1702 equites
560 1635 722 1697 interiecta,
742 1637 802 1700 ipsc
817 1632 934 1700 pedibus
947 1633 997 1682 eir-

189 1715 253 1751 curn
273 1702 377 1754 milltes
398 1717 582 1767 concursum,
602 1704 776 1772 virtutesque
796 1701 996 1754 veteranorum

187 1769 352 1838 proeliaque
372 1777 519 1837 superiora
537 1788 754 1826 commemorans
773 1772 931 1838 blandoque
950 1770 996 1820 atl-

187 1837 307 1905 pellans,
328 1841 438 1890 animos
453 1855 550 1892 eorunr
566 1839 715 1898 excitabat.
747 1841 871 1894 Tirones
891 1845 995 1902 autern,

188 1908 235 1974 qui
247 1921 394 1975 numquam
406 1911 433 1958 in
444 1911 504 1960 acie
516 1909 704 1975 dimicassent,
719 1910 892 1972 hortabatur,
912 1917 946 1959 ot
954 1924 994 1960 oe·

188 1986 347 2029 terreorum
365 1977 492 2044 uirtutem
506 1982 710 2032 aemularentur
720 1996 862 2048 eorumque
877 1977 995 2060 som,

187 2061 282 2100 nomen
291 2048 437 2115 locumque,
444 2047 565 2118 ‘victorio
572 2059 668 2117 porto,
679 2059 807 2118 cuperent
812 2048 960 2116 possedere.

232 2115 372 2168 Lxxxu.
390 2118 486 2185 ltaque
496 2120 526 2170 in
536 2120 731 2172 circumeundo
743 2121 895 2172 exereitum
907 2117 993 2168 anim·

188 2183 326 2249 advertit,
348 2183 445 2238 hostes
456 2189 529 2240 circa
539 2189 640 2241 rallurn
650 2189 802 2256 trepidare,
821 2195 906 2255 atque
917 2185 993 2236 ultro

189 2257 316 2323 citroque
330 2256 445 2322 pavidos
460 2273 628 2311 concursare
639 2265 669 2311 et
679 2258 760 2310 niodo
771 2273 801 2310 se
809 2258 888 2310 intra
897 2261 993 2324 portur

187 2325 329 2395 recipere,
350 2325 433 2376 modo
448 2329 640 2380 inconstanter
653 2328 891 2394 immoderatoque
903 2323 995 2392 prodi·

187 2398 230 2444 rt.
263 2393 353 2456 Quum
364 2395 437 2448 idern
448 2411 465 2448 a
475 2397 599 2464 pluribus
616 2397 798 2452 animadverti
813 2400 941 2462 coeptum
951 2409 994 2446 eo·

189 2467 246 2526 sete
264 2463 358 2514 subito
369 2464 454 2532 legati
466 2469 627 2535 evocatique
638 2467 784 2518 obsecrare
793 2465 947 2525 Cameren,
957 2480 994 2517 ae

189 2519 328 2604 lutitant
337 2531 445 2598 signum
456 2533 535 2586 dore:
552 2535 691 2586 victoriam
699 2535 752 2586 iiii
759 2533 902 2602 propriam
911 2549 928 2584 ι
938 2530 991 2584 din

189 2596 386 2650 trrrmortolilos
394 2603 529 2664 portendi.
558 2603 712 2656 Dubitante
722 2603 841 2656 Caesare
851 2609 933 2670 atque
943 2615 989 2653 eo-

191 2674 250 2711 runr
261 2663 355 2716 alodio
366 2667 561 2748 cupiditatique
571 2673 731 2736 resistente,
741 2671 852 2742 sibique,
861 2667 988 2740 &ruptio-
