2168 3134
348 155 497 210 ureae
535 151 622 232 vm.
839 153 887 207 221
978 120 984 142 ’

78 263 287 330 sperationem,
308 267 340 312 ut
349 261 379 311 id
391 275 446 312 non
459 260 600 312 hominurn
612 261 744 322 consilio,
766 259 816 310 sed
825 259 889 310 deo-

78 347 142 384 rum
154 333 300 382 voluntate
313 329 417 382 iactum
427 337 569 397 putarent.
601 331 708 398 itaque,
721 330 889 380 necessitate

79 403 181 461 coacti,
192 418 222 450 se
235 401 458 452 transdideruot:

135 471 233 522 XLIV.
253 471 365 532 Caesar,
385 485 468 538 quum
484 485 562 520 suam
582 469 729 520 lenitatem
749 469 887 535 cognitam

80 541 212 597 omnibus
224 541 319 601 sciret,
330 555 420 607 neque
431 546 586 600 vereretur,
599 553 633 590 ne
646 537 711 605 quid
723 537 889 589 erudelitate

80 617 200 662 naturae
220 610 364 662 rideretur
384 611 511 677 asperius
534 607 648 670 fecisse,
671 622 761 674 neque
783 609 888 660 exitum

82 679 266 731 consiliorum
282 695 396 730 suorum
411 681 533 730 animum
549 677 724 740 adverteret,
746 679 769 734 si
786 678 836 728 tali
847 692 889 728 ra-

79 751 160 801 tione
176 749 337 800 diversis‘in
354 749 423 802 iocis
435 749 531 816 piures
543 747 682 802 rebellare
693 747 813 801 consilia
824 749 889 797 inis·

82 824 161 882 sent3
181 819 309 885 exemplo
322 819 448 885 supplicii
461 817 647 870 deterrendos
659 816 783 884 reliquos
795 819 889 868 existi·
919 835 922 846 ¹

81 891 177 940 merit.
215 890 312 955 ltaque
324 890 467 950 omnibus,
487 891 532 956 qui
544 902 623 938 arma
633 887 770 947 tulerant,
792 902 889 938 nianun

82 958 234 1025 praecidit3
243 995 245 1000 .
255 961 340 1008 vitam
353 959 561 1025 concessitque
573 958 704 1008 testatior
714 962 790 1009 esset
799 972 891 1024 poena

81 1029 280 1094 improborum.
302 1027 438 1094 Drappes,
455 1044 536 1095 quem
548 1035 659 1094 ceptum
671 1043 732 1080 esse
744 1043 761 1078 a
772 1028 889 1080 Caninio

82 1097 176 1158 docui,
192 1100 250 1150 sire
262 1098 456 1164 indignatione
468 1104 497 1150 et
509 1097 607 1150 dolore
620 1097 808 1160 vinculorum,
830 1099 889 1148 sive

81 1169 185 1219 timore
202 1170 337 1234 gravioris
354 1167 495 1234 supplicii,
513 1168 608 1234 paucis
620 1167 717 1218 diebus
730 1183 760 1218 se
771 1169 833 1218 cibo
844 1167 891 1217 ab·

82 1238 186 1291 stinuit
196 1247 280 1304 atque
291 1239 331 1289 it'a
341 1237 457 1290 interiit.
476 1237 581 1290 Eodem
593 1243 720 1304 tempore
732 1237 890 1297 Lucterius,

83 1322 167 1374 quem
178 1308 335 1374 profugisse
347 1321 382 1359 cx
393 1307 502 1374 proelio
513 1307 621 1374 scripsi,
633 1321 715 1375 quum
727 1308 756 1355 in
767 1313 889 1372 potesta-

83 1383 141 1427 tem
154 1378 275 1428 venisset
286 1378 565 1444 Epasnactidrverni,
577 1379 687 1438 (crebro
700 1377 772 1426 eninr
786 1382 891 1426 mutan-

83 1447 127 1496 dis
139 1446 217 1507 iocis,
232 1447 385 1498 multorum
397 1447 460 1498 iidei
473 1461 503 1497 sc
516 1447 722 1505 committebat,
743 1444 817 1512 quod
828 1460 891 1495 nus·
930 1506 932 1509 v

84 1531 169 1583 quam
180 1517 283 1567 diutius
295 1517 355 1568 sine
365 1515 492 1584 periculo
503 1522 725 1566 commoraturus
736 1514 890 1577 ridebatur,

84 1601 170 1652 quum
191 1587 244 1636 sibi
265 1588 391 1638 corrseius
412 1591 500 1646 esset,
522 1601 603 1653 quam
617 1586 758 1636 inimicum
774 1583 902 1637 deberet*

86 1657 233 1708 (laesarem
245 1653 374 1718 habere)
397 1655 469 1707 bunc
480 1656 652 1722 Epasnactus
662 1657 813 1718 Arvernus,
823 1654 892 1705 ami·

85 1724 214 1776 sissimus
229 1726 327 1792 popuii
338 1726 464 1788 Romani,
486 1728 546 1778 sinc
568 1725 743 1778 dubitatione
759 1723 818 1776 ulla
831 1724 889 1775 rin-

70 1792 161 1845 'ctum
175 1795 209 1846 ad
222 1798 369 1847 Caesarem
385 1795 508 1848 deduxit.

91 1895 96 1902 -
148 1863 232 1916 XLV.
261 1865 402 1918 Labienus
428 1867 539 1918 interim
558 1867 586 1917 in
608 1866 732 1918 Treviris
758 1873 889 1935 equestre

54 1989 55 1998 ἵ
86 1933 224 2002 proelium
239 1934 393 1987 secundum
407 1936 488 1998 faeit3
507 1936 749 2005 compluribusque
765 1937 891 1988 Treviris

86 2003 243 2056 interiectis
255 2012 284 2057 et
295 2005 451 2068 Germanis,
466 2007 512 2073 qui
524 2007 593 2058 nuiii
605 2006 737 2059 adversus
750 2007 891 2059 Romanos

87 2074 192 2126 auxilia
203 2073 392 2144 denegabant,
413 2077 551 2142 principes
567 2091 664 2128 eorum
675 2079 751 2128 vivos
766 2079 794 2127 in
811 2092 891 2128 suam

89 2143 196 2206 redegit
206 2149 388 2210 potestatem3
406 2153 489 2213 atque
499 2147 528 2196 in
540 2146 574 2198 iis
586 2145 687 2198 Surum
699 2145 833 2209 ,ieduunq
845 2148 893 2214 qui

7 2253 8 2258 ,
88 2220 117 2264 et
127 2213 238 2266 virtutis
251 2222 279 2267 et
295 2217 408 2282 generis
423 2229 559 2266 sunmram
575 2216 750 2267 nobilitatem
761 2214 891 2277 habebat,

86 2281 219 2365 solusque
242 2300 276 2336 ex
292 2284 394 2337 Aeduis
413 2285 450 2336 ad
471 2284 500 2336 id
519 2290 629 2352 tempus
648 2293 842 2352 permanserat
862 2287 892 2335 in

86 2366 179 2404 arnus.

139 2421 240 2476 XLVI.
259 2421 299 2476 Ea
310 2439 341 2476 re
353 2425 473 2492 cognita,
496 2426 607 2487 Caesar,
629 2437 711 2491 quum
723 2425 751 2473 in
763 2425 892 2476 omnibus

90 2491 199 2544 Galbae
215 2493 339 2559 partibus
360 2495 431 2546 bene
448 2509 491 2544 res
512 2500 606 2560 gestas
617 2494 725 2545 videret
744 2494 892 2546 iudicaret-

90 2577 157 2628 que,
181 2564 367 2629 superioribus
383 2564 497 2615 aestivis
508 2563 629 2614 Galliam
640 2563 774 2615 devictam
788 2569 818 2614 et
830 2565 891 2615 sub-

89 2637 180 2684 actam
192 2647 270 2695 essee
287 2635 463 2700 Aquitaniam
475 2631 623 2702 numquam
635 2634 695 2700 ipse
706 2633 826 2698 adisset,
842 2633 890 2687 sed

92 2717 139 2767 per
158 2701 188 2753 P.
210 2703 477 2772 Crassumquadam
489 2718 523 2756 ex
544 2709 625 2772 parte
647 2702 807 2768 devicisset3
828 2718 891 2758 enm
