2152 3132
79 255 81 259 ,
184 205 231 264 88
322 200 848 261 nsssahtoenhn.1,ls.lv.

184 312 261 374 rect,
280 307 396 371 Morini,
414 307 608 378 quosCaeser,
626 308 656 360 in
670 307 989 374 Britanniam'prolicis·

184 396 263 442 cens,
278 383 391 446 pacatos
401 377 563 446 reliquerat,
574 391 623 443 spe
630 377 750 442 praedae
759 377 884 441 adduco,
894 380 988 445 primo

184 465 240 502 non
250 450 291 500 ite
300 461 400 514 magno
409 461 522 498 suorum
533 461 647 498 numero
657 449 898 501 circumsteterunt
907 462 951 512 ac,
961 449 988 499 si

183 534 245 572 sese
255 518 374 570 Interlici
383 515 498 579 nollent,
506 530 584 568 arma
594 531 698 583 ponere
707 518 855 570 iusserunt
890 518 988 584 Quum

183 589 225 640 illi
241 588 307 638 orbe
322 585 397 638 iacto
411 600 472 639 sese
483 584 677 650 defenderent,
697 587 826 643 celeriter
836 587 873 639 ad
883 588 989 639 clamo-

100 704 104 713 .
182 673 242 710 rem
261 655 402 707 hominum
421 658 532 708 circiter
551 656 628 707 milia
643 655 682 709 VI
692 663 887 710 convenerunt.
912 659 990 720 ¹ilua

183 742 213 780 re
223 729 361 789 nuntiata,
383 726 484 778 caesar
494 732 648 777 omnemtex
657 728 754 777 cestris
765 731 918 796 equitatum
929 730 989 778 suis
1059 745 1060 798 ᾗ

184 797 288 848 anxilio
303 795 385 847 misit.
401 811 402 818 ¹
421 797 535 848 Interim
549 797 639 847 nostri
648 796 749 847 milites
759 799 894 864 impetum·
902 796 992 849 hosti·
1059 825 1060 832 κ

183 883 232 918 um
246 867 436 918 sustinuerunt
449 869 533 932 atque
546 865 664 932 amplius
674 863 750 916 lieris
761 873 881 934 quatuor
892 867 988 919 fortis

183 938 253 988 sime
276 939 533 1002 pugnaveruntct,
560 929 656 999 paucis
676 934 836 986 vulneribus
857 944 988 1004 acceptis,

184 1004 340 1071 complures
350 1018 386 1056 ex
394 1005 428 1069 iis
438 1003 606 1070 occiderunt.
628 1003 730 1054 Postea
740 1018 899 1071 veroquam
911 1009 990 1074 equi·
1059 1021 1060 1050 ;

124 1069 126 1080 ’
183 1079 259 1126 tetus
273 1079 367 1124 noster
380 1075 595 1140 inconspectum
606 1074 693 1135 venii,
713 1071 807 1124 hostes
818 1075 932 1126 abiectis
943 1091 988 1125 ar-

183 1146 236 1195 mis
248 1149 329 1211 terge
341 1148 484 1196 verterunt
498 1141 667 1210 magnusque
684 1155 780 1193 eorum
794 1159 926 1216 numerus
938 1149 987 1224 est
1059 1143 1060 1168 ³

185 1215 300 1266 eccisus.
360 1231 361 1234 ¹

191 1298 196 1322 ³
234 1281 383 1335 XXXVIII.
419 1283 520 1334 Caesar
530 1287 640 1348 postero
651 1280 696 1332 die
706 1281 739 1332 T.
749 1279 902 1335 Labienum
910 1282 1016 1350 lega*
1059 1347 1060 1352 ἵ

183 1357 313 1406 tum-cum
324 1354 359 1404 iis
368 1351 534 1420 legionibus,
548 1366 617 1419 quas
628 1365 662 1403 ex
672 1350 816 1405 Britannia
826 1351 987 1416 reduxerat,
1059 1373 1060 1420 ,

183 1424 212 1474 in
233 1423 374 1485 Morinos,
390 1423 443 1490 qui¹
457 1421 636 1474 rebellionem
658 1420 794 1486 fecerant,
813 1424 896 1474 misit.
932 1423 987 1486 oui
1048 1435 1051 1440 '

185 1499 269 1560 quum
284 1498 399 1560 propter
406 1491 543 1544 siccitates
553 1491 696 1559 paludum,
717 1493 986 1560 quesereciperent,

184 1577 241 1614 non
256 1561 403 1626 haberent,
422 1560 624 1630 quo'periugio'
634 1563 776 1628 superlore
791 1578 864 1615 annno
875 1563 986 1615 fuerant

184 1633 242 1693 usi,
263 1631 357 1684 omnes
368 1631 426 1684 ie're
436 1633 464 1682 in
472 1637 637 1698 potestatem
648 1631 765 1683 Labieni
774 1638 914 1685 venerunt.
948 1634 985 1685 lt

185 1702 354 1764 Qae'l'iturius
369 1706 398 1754 et
407 1701 444 1752 L.
461 1702 555 1763 cotta,
575 1701 682 1768 legati,¹
694 1703 740 1767 qui
755 1704 783 1752 in
792 1703 984 1768 Menapiorum

185 1773 254 1822 fines
267 1771 388 1837 legiones
399 1770 550 1833 fluxerant,
571 1771 696 1822 omnibus
706 1769 802 1822 eorum
813 1774 887 1840 agris
897 1775 985 1823 vasto·

184 1841 236 1906 tis,
255 1839 400 1890 frumentis
410 1841 534 1902 succisis,
550 1839 681 1892 aediliciis
692 1840 823 1904 incensis,
843 1841 983 1910 queunte

185 1909 260 1974 napii
277 1905 306 1959 se
321 1922 415 1960 omnes
429 1908 649 1960 in'clensissimas
663 1909 746 1961 silvas
755 1911 934 1974 abdiderant,
954 1925 983 1962 se

187 1977 222 2045 ad
233 1979 379 2030 caesarem
394 1981 567 2045 receperunt.
604 1981 706 2040 Caesar
721 1981 750 2031 in
760 1981 854 2050 Belgis
864 1977 984 2033 omniuni

185 2046 324 2118 leglenum
336 2046 450 2098 hiberna
461 2049 611 2100 constituIt
638 2051 679 2102 Eo
690 2049 760 2102 duae
771 2053 883 2102 omniuo
894 2047 986 2102 ciniis·¹

184 2121 228 2168 tes
238 2129 272 2170 ex
281 2118 427 2170 Britannia
439 2117 547 2169 obsides
558 2120 704 2182 miserunt,
724 2121 848 2188 reliquae
857 2121 983 2190 neglexei

184 2194 259 2239 runt.
305 2187 356 2238 llis
369 2189 451 2239 rebus
465 2189 562 2256 gestis,
586 2204 621 2240 ex
637 2188 726 2242 Ilteris
736 2191 862 2244 Caesaris
878 2191 981 2244 «lienam

184 2258 238 2312 XX
248 2259 410 2327 supplicatio
421 2272 438 2309 a
447 2263 545 2312 senatu
555 2257 667 2312 decreta
677 2265 727 2312 est.
