2150 3124
309 221 316 236 '
353 233 355 238 ’
389 211 538 268 bruun
571 215 593 268 Ι.
724 207 726 214 '
878 211 910 268 1³

15 336 18 340 ·
102 323 149 374 ter
162 327 213 372 eos
228 313 340 372 dandos'
350 323 486 382 curasset,
509 321 582 388 quod
599 335 633 373 ca
646 319 738 372 onmis
751 321 806 371 don
826 319 909 372 modo

102 391 211 441 iniussu
226 403 277 440 suo
292 395 321 440 et
336 390 471 452 civitatis,
490 392 539 442 sed
554 392 638 442 otiam
652 391 832 442 inscientibus
842 391 910 455 ipsis

102 460 230 521 iecisset,
250 458 325 526 quod
340 473 358 509 a
372 460 534 526 magistratu
544 461 702 512 Aeduorum
718 464 909 516 accusaretur:

103 531 172 581 satis
183 543 245 579 esse
256 541 370 580 caussae
381 530 576 592 arbitrabatur,
583 545 668 598 quare
678 532 708 580 in
719 543 780 580 eum
791 533 840 580 aut
849 529 909 595 ipse

104 598 354 660 animadverteret,
373 604 422 649 aut
437 599 576 650 civitatem
596 599 815 650 animadvertere
835 599 910 650 iube·

103 674 158 720 ret.
194 667 247 718 llis
258 669 386 719 omnibus
397 669 479 720 rebus
489 684 575 719 unum
584 667 767 736 repugnabat,
778 668 851 736 quod
859 668 910 719 lli·

104 737 910 804 vitiarifratrissummuminpopulumllomanumstudium‚

104 821 241 858 summam
251 808 280 856 in
291 821 322 857 se
331 807 511 869 voluntatem,
523 809 661 874 egregiam
668 808 760 869 iidem,
767 808 911 868 iustitiam,

104 878 320 942 temperantiam
339 882 517 945 cognoverat:
544 893 621 940 nam,
640 893 675 929 ne
695 877 754 928 eius
774 875 911 943 supplicio

105 945 237 998 Diviciaci
248 947 370 998 animum
382 945 543 1009 offenderet,
551 948 707 999 verebatur.
716 947 813 1014 ltaque
823 946 912 1012 prius-

107 1029 188 1082 quam
200 1015 348 1082 quidquam
360 1022 522 1077 conaretur,
542 1017 706 1068 Divitiacum
722 1016 758 1067 ad
773 1031 803 1068 se
815 1015 912 1066 vocari

105 1085 185 1135 iubet
203 1089 244 1146 et,
266 1086 434 1152 quotidianis
453 1087 650 1150 interpretibus
669 1087 797 1149 remotis,
818 1099 834 1151 p
852 1100 866 1135 r
881 1085 912 1135 (l.

105 1153 249 1206 Valerium
267 1153 431 1216 Procillum,
452 1156 599 1221 principem
615 1155 724 1208 Galliae
744 1101 912 1223 provigiac,

105 1221 274 1274 familiarem
284 1238 378 1288 suum,
392 1226 436 1275 cui
445 1239 581 1276 summam
592 1227 714 1276 omnium
725 1239 818 1277 rerum
828 1223 913 1275 iidem

106 1289 239 1355 habebat,
260 1307 323 1344 cum
336 1307 370 1345 eo
385 1294 566 1362 colloquitur:
588 1295 670 1345 simul
690 1292 914 1356 commonefacit,

105 1375 179 1430 quoe
189 1365 250 1429 ipso
260 1368 408 1428 praesente
417 1365 445 1413 in
457 1364 573 1416 concilio
585 1365 730 1416 (lullonum
744 1364 779 1415 de
789 1364 913 1416 Dumno-

106 1433 169 1498 rige
183 1434 239 1482 sint
253 1431 340 1494 dicta,
361 1438 390 1484 et
404 1434 537 1496 ostendit,
557 1449 627 1501 quae
638 1434 786 1500 separatim
797 1433 914 1500 quisquo

106 1500 143 1552 de
154 1514 187 1552 eo
198 1500 270 1567 opud
286 1516 316 1554 se
331 1502 442 1554 dixerit:
462 1505 533 1569 petit
547 1510 629 1570 atque
645 1505 788 1564 hortatur,
808 1508 840 1551 ut
853 1501 914 1552 sine

108 1572 170 1624 eius
179 1569 332 1623 offensione
342 1573 425 1622 animi
432 1573 480 1624 uel
489 1575 549 1640 ipse
564 1574 599 1624 de
615 1587 663 1634 eo,
683 1585 780 1622 caussa
794 1570 920 1637 cognita·

109 1643 224 1702 statuat,
235 1641 279 1692 vel
290 1641 426 1692 civitatem
437 1648 561 1695 statuere
571 1643 673 1693 iubeat.

163 1710 225 1762 XX.
261 1711 414 1763 Diuitiaene
429 1713 523 1762 multis
537 1727 599 1764 cum
615 1711 750 1773 lacrimis,
768 1710 915 1761 caesaram

111 1779 286 1846 complexus,
304 1781 450 1832 obsecrare
460 1783 564 1849 coepit,
578 1797 611 1834 nc
621 1777 807 1849 puid'graoiut
817 1777 916 1849 infra·

110 1857 181 1900 trem
201 1856 350 1900 statueret.-
374 1848 443 1902 scire
462 1866 503 1914 se,
521 1851 571 1903 illc
591 1865 645 1901 estc
664 1865 742 1913 cera,
759 1865 809 1901 nec
829 1861 916 1914 qum·

110 1933 193 1984 quum
207 1935 240 1970 cx
254 1935 285 1970 co
295 1921 372 1985 plur,
392 1934 472 1984 quem
486 1935 527 1982 rc,
546 1919 646 1971 doloris
660 1935 766 1986 capere,
780 1928 917 1990 propterca

111 1987 196 2053 quod,
216 2003 298 2054 quum
311 1987 367 2056 ipre
374 1989 473 2057 gretia
481 1989 630 2055 plurimum
646 1990 716 2041 dorni
725 1998 806 2054 atquc
815 1987 844 2040 in
853 1985 916 2040 reli·

110 2071 165 2123 qua
179 2057 286 2121 Gallia,
305 2055 351 2109 tue
364 2058 502 2110 minimum
513 2067 627 2126 propter
635 2057 841 2112 adolescentium
851 2071 914 2125 poa-

109 2134 165 2190 set,
178 2143 231 2195 per
244 2143 271 2178 ae
286 2126 426 2180 memoret.-
446 2128 541 2194 qailms
556 2128 649 2198 opibus
664 2145 696 2180 cc
706 2127 794 2181 nereis
807 2143 861 2179 noc
874 2140 915 2178 rc·

110 2196 165 2246 lum
176 2197 215 2248 ud
227 2195 397 2248 minuendam
409 2198 546 2268 gratiam,
566 2198 613 2250 ted
622 2214 707 2267 paene
718 2198 755 2250 ad
764 2195 915 2264 perniciem

109 2280 188 2317 auum
197 2274 338 2318 uteretur:
357 2276 516 2320 scertamen
530 2277 656 2320 ctumore
660 2267 805 2338 fraterno,
823 2272 851 2316 ct
860 2263 917 2317 exi·

25 2377 30 2388 .
109 2335 266 2388 etimatiores
277 2335 353 2406 tulgi
368 2338 534 2389 commoveri.
574 2336 653 2401 Quod
663 2337 688 2388 e·
702 2333 803 2403 quidet
818 2349 835 2384 a
849 2329 916 2384 Cae·

109 2419 171 2456 aare
184 2405 300 2473 grunius
310 2406 467 2470 accidisset,
486 2422 567 2473 quum
579 2407 636 2475 ipre
649 2421 709 2457 eum
722 2407 810 2457 locum
824 2400 915 2458 amici·

107 2473 316 2541 tiaeupudcum
331 2483 447 2540 teneret,
466 2477 595 2528 neminem
610 2474 841 2536 extumere-cm,
861 2487 915 2522 aon

108 2559 160 2594 sua
170 2545 436 2628 noluntctcsactnm‚
457 2560 511 2612 quc
521 2563 554 2597 cx
568 2561 597 2596 re
606 2545 753 2616 futurum,
772 2542 815 2593 uti
830 2537 915 2593 totitt

112 2613 222 2666 Galliac
236 2613 321 2666 anina
335 2631 352 2667 a
366 2631 394 2666 se
408 2622 604 2667 averterentur.
639 2615 718 2665 llaec
731 2627 814 2679 quum
829 2610 915 2678 pluri·

108 2683 161 2736 bus
171 2684 263 2734 verbis
274 2679 343 2735 llens
354 2700 371 2736 a
382 2686 501 2737 Caesare
516 2689 638 2751 peteret,
659 2683 760 2734 caesar
775 2685 835 2732 eius
850 2679 916 2730 dex·

108 2759 182 2806 tram
194 2753 317 2822 prendit:
336 2756 497 2808 consolatur
505 2758 599 2821 rogat,
615 2755 699 2807 linem
709 2750 806 2804 orandi
817 2747 912 2802 luders
