2150 3124
383 161 533 214 LIBER
566 165 604 214 ll.
865 162 897 216 di

95 264 203 318 icllisse
223 263 434 328 intellexerunt,
458 281 547 334 neque
564 241 675 316 nostros
694 267 723 316 in
742 263 833 318 locum
850 269 899 318 iui-

95 336 220 402 quiorem
242 335 369 402 progredi
389 336 528 404 pugnandi
543 349 640 386 caussa
653 335 796 398 viderunt,
816 341 898 404 atque

93 407 169 470 ipsos
183 418 229 455 res
239 401 421 456 frumentaria
430 405 548 457 deiicere
558 405 661 471 coepit,
672 404 790 456 concilio
801 420 898 456 conro-

94 479 158 525 cato
183 475 400 536 constituerunt,
428 477 560 540 optimum
582 489 656 535 esse,
686 475 797 525 domum
820 490 899 536 suam

95 555 231 611 quemque
243 545 357 606 reverti,
374 549 415 606 et,
430 559 546 611 quorum
557 547 585 594 in
595 544 665 594 lines
676 544 900 609 primumlioma·

94 613 124 663 ni
135 613 287 663 exercitum
297 613 529 675 introduxissent,
549 612 584 663 ad
596 627 642 664 eos
653 609 842 664 defendendos
851 630 900 664 un·

95 682 179 747 dique
197 685 390 745 convenirent3
410 688 441 732 ut
450 683 542 748 potius
553 684 581 732 in
592 683 662 742 suis,
672 697 754 748 quam
765 686 792 732 in
804 683 900 734 alicnis

95 751 197 803 tinibus
207 751 425 815 decertarent,et
436 752 593 804 domesticis
605 753 692 822 copiis
701 753 741 802 rei
751 749 900 804 frumcnta-

95 822 158 874 riae
181 826 336 872 uterentur.
371 821 412 876 nd
436 836 495 875 eam
516 823 682 876 sententiam
702 838 764 873 cum
786 821 901 889 reliquis

96 891 203 941 caussis
217 888 285 941 haec
294 906 404 960 quoque
414 893 486 942 ratio
497 906 544 942 eos
555 891 682 952 deduxit,
701 885 775 960 quod
786 893 902 942 Divitia·

95 967 160 1011 'curn
179 965 263 1026 atque
281 960 391 1012 Aeduos
410 961 511 1012 finibus
526 961 740 1013 Bellovacorum
757 961 902 1028 adpropin-

96 1044 184 1098 quare
198 1037 395 1096 cognoverant.
429 1030 482 1080 llis
498 1030 671 1096 persuaderi,
690 1037 721 1082 ut
732 1031 834 1082 diutius
846 1047 901 1082 mo·

95 1104 229 1152 rarerntur
239 1115 329 1167 neque
339 1101 396 1150 suis
407 1099 542 1151 auxilium
554 1097 673 1161 ferrent,
684 1116 737 1151 non
748 1108 866 1166 poterat.

149 1167 197 1218 xl.
233 1169 275 1220 Ea
285 1185 315 1220 re
326 1169 486 1231 constituta,
495 1169 617 1220 secunda
626 1169 719 1238 vigilia
728 1165 828 1238 magno
840 1186 902 1224 cum

98 1238 217 1303 strepitu
223 1253 255 1288 ac
265 1239 386 1290 tumultu
398 1241 495 1290 castris
505 1239 699 1306 egressi,nullo
711 1246 787 1291 certo
798 1241 902 1302 ordine,

98 1323 189 1374 neque
198 1309 323 1372 imperio,
335 1323 419 1376 quum
430 1309 481 1359 sibi
492 1311 607 1376 quisque
617 1310 734 1375 primum
746 1311 852 1361 itineris
864 1309 903 1359 lo-

98 1393 160 1428 cum
182 1383 290 1442 peteret
309 1382 337 1428 et
352 1378 463 1429 domurn
478 1379 621 1444 pervenire
636 1384 813 1444 properaret,
832 1378 903 1430 sece-

97 1452 178 1506 runt‚
200 1450 232 1495 ut
246 1448 398 1498 consimilis
412 1447 494 1515 fugae
508 1446 642 1513 profectio
656 1447 817 1510 rideretur„
842 1448 903 1500 Hac

96 1529 130 1568 re
149 1517 240 1566 statim
256 1517 358 1569 Caesar
377 1532 427 1584 per
441 1517 630 1583 speculatores
646 1511 775 1582 cognita,
789 1513 903 1568 insidias

97 1587 216 1648 ueritus,
237 1586 325 1654 quod,
347 1601 401 1654 qua
416 1587 450 1638 de
466 1600 562 1637 caussa
572 1585 761 1646 discederent,
781 1585 902 1635 nondum

97 1660 290 1722 perspexerat,
310 1657 462 1708 exercitum
479 1657 688 1738 equitatumque
705 1657 803 1706 castris
819 1657 903 1706 conti·

97 1727 167 1775 nuit.
204 1723 297 1775 Prima
312 1724 386 1788 luce,
406 1725 569 1777 confirmata
585 1739 616 1775 re
627 1725 662 1776 ab
673 1723 903 1790 exploratoribus,

97 1808 205 1845 omnem
214 1795 375 1863 equitatum,
383 1797 430 1863 qul
441 1797 618 1846 novissimum
630 1809 727 1861 agurcu
739 1801 904 1858 moraretur,

96 1865 248 1931 praemisit.
284 1865 337 1914 His
352 1865 385 1926 Q.
401 1864 516 1916 Pedium
531 1870 560 1916 et
570 1863 603 1914 1..
614 1863 830 1917 Aurunculeium
842 1867 894 1916 Cot

96 1943 153 1985 tam
180 1937 287 2002 legatos
306 1933 450 2000 praefecit.
484 1935 517 1984 T.
528 1933 680 1984 Labienum
702 1933 824 2002 legatum
841 1949 902 1986 curn

95 2005 251 2070 legionibus
262 2005 350 2055 tribus
361 2005 490 2071 subsequi
500 2004 589 2054 iussit.
624 2003 677 2066 lli,
687 2001 848 2064 novissimos
859 2003 904 2056 ad·

97 2075 150 2123 orti
162 2074 290 2125 etmulta
299 2073 376 2124 milia
386 2089 516 2140 passuum
526 2075 682 2139 prosecuti,
696 2088 822 2140 magnam
835 2071 903 2124 mul-

96 2144 243 2196 titudinem
265 2157 360 2193 eorum
377 2143 541 2210 fugientium
555 2142 747 2204 conciderunt,
772 2159 854 2210 quum
869 2143 903 2194 ab

98 2219 222 2264 extremo
238 2215 360 2278 agmine,
381 2212 415 2262 ad
428 2228 496 2280 quos
506 2217 617 2263 ventum
628 2217 700 2274 erat,
721 2216 904 2262 consisterent

96 2283 263 2350 fortiterque
278 2283 409 2349 impetum
421 2288 579 2332 nostrorum
591 2281 710 2331 militum
721 2282 903 2342 sustinerent3

97 2353 221 2420 priores,
242 2350 328 2420 (quod
345 2351 441 2403 abesse
457 2367 474 2401 a
486 2351 608 2418 periculo
620 2349 793 2410 viderentur,
813 2365 902 2417 neque

95 2420 156 2472 ulla
171 2425 352 2483 necessitate,
369 2436 458 2488 neque
473 2423 590 2486 imperio
605 2419 838 2480 continerentur‚)
859 2433 902 2470 ex·

96 2491 194 2542 audito
204 2491 338 2551 clamore,
350 2490 518 2555 perturbatis
530 2489 680 2548 ordinibus,
692 2502 786 2538 omnes
798 2491 825 2538 in
837 2486 903 2554 fuga

96 2560 149 2611 sibi
160 2562 328 2626 praesidium
340 2564 482 2624 ponerent.
518 2559 561 2608 lta
571 2560 631 2609 sine
642 2556 699 2607 ullo
711 2558 831 2622 periculo
844 2565 901 2608 tan·

97 2635 154 2678 tum
167 2644 262 2681 eorum
274 2625 479 2679 multitudinem
492 2629 580 2678 nostri
590 2623 803 2690 interfecerunt,
819 2643 901 2694 qnan-

96 2704 159 2752 tum
179 2697 235 2751 fuit
248 2699 301 2750 diei
314 2699 446 2766 spatium:
476 2699 527 2750 sub
543 2711 723 2762 occasumque
739 2693 805 2770 s'qlis
820 2695 901 2746 desti·
