2150 3124
165 195 199 248 rs
358 189 414 242 os
433 187 571 241 nanno
592 169 776 259 aristarco

166 312 279 358 norum,
290 293 576 356 Mediomatricorum,
587 292 971 364 Tribucorum,Trerirorum

167 369 267 418 citatus
279 364 369 416 fertur
380 370 421 427 et,
432 363 478 414 ubi
490 364 599 414 Oceano
611 364 826 432 adpropinquat,
836 365 865 414 in
877 363 972 430 plures

167 435 267 489 diffluit
281 440 389 501 partes,
410 434 504 484 rnuitis
519 435 731 501 ingentibusque
745 434 842 484 insulis
853 433 972 500 effectis,

166 508 283 574 quarum
302 511 366 571 pars
386 519 486 570 magna
505 519 521 554 a
537 503 604 555 feris
618 503 799 572 barbarisque
813 505 971 558 nationibus

166 576 312 636 incolitur,
333 576 379 636 (ex
399 575 583 641 quibussunt,
604 574 651 638 qni
672 575 793 638 piscibus
814 579 895 642 atque
911 575 970 624 ovis

167 647 258 697 aviurn
284 645 375 694 rivere
396 643 599 706 existimantur)
617 643 765 711 multisque
785 643 919 710 capitibus
939 645 973 696 in

167 716 308 766 &canum
320 711 417 763 induit.

220 784 268 834 xl.
305 783 407 832 Caesar
416 797 500 848 quum
511 782 545 832 ab
555 779 634 834 hoste
645 798 700 834 non
712 782 830 849 amplius
840 797 973 849 passuum

168 855 220 906 xlt
231 852 341 903 milibus
352 851 473 910 abesset,
490 857 521 901 ut
532 858 593 901 erat
603 854 799 914 coustitutum,
816 853 850 904 ad
861 851 974 904 eum-les

168 921 227 991 gati
236 925 424 973 reuertuntur:
442 921 500 987 qui,
512 921 539 969 in
550 922 650 971 itinere
661 920 814 988 congressi,
826 915 975 992 in'agnope·

169 1006 251 1053 re,nc
263 991 372 1054 longius
383 989 607 1055 progrederetur,
615 991 740 1040 orabant
776 985 905 1051 Quum'id
916 991 977 1042 non'

167 1064 374 1126 impetrassent,
394 1059 538 1122 petebant,
558 1059 598 1108 uti
616 1059 651 1110 ad
666 1074 713 1110 eos
725 1059 845 1127 equites,
857 1053 910 1127 'qui
927 1073 974 1126 ag·
1054 1069 1055 1106 t

167 1134 230 1180 tucn
242 1127 466 1189 antecessissent,
477 1128 680 1193 praemitteret,
697 1143 798 1196 eosque
808 1143 901 1194 pugna
911 1143 974 1194 pro·.
1054 1123 1055 1150 ἶ

168 1199 290 1260 biberet,
311 1196 417 1264 sibique
432 1197 473 1246 uti
485 1201 650 1262 potestatem
661 1197 779 1260 faceret,
800 1199 827 1247 in
841 1193 926 1248 Ubios
934 1197 973 1248 le·
1054 1199 1055 1250 J

168 1274 248 1336 gatos
263 1267 403 1316 mittendi:
424 1281 539 1333 quorum
554 1267 577 1316 si
593 1269 730 1334 principes
745 1282 778 1318 ac
795 1272 906 1318 senatus
920 1267 976 1324 sibi
1054 1285 1055 1288 ¹

169 1335 347 1389 iureiurando
372 1335 455 1386 fidem
475 1334 619 1399 fecissent,
649 1353 682 1389 ea
702 1333 874 1401 conditione,
902 1351 975 1402 quae
1054 1333 1055 1346 ²

169 1409 315 1458 aCaesare
335 1403 469 1468 ferretur,
489 1421 519 1456 se
539 1421 640 1457 usuros
656 1407 852 1459 ostendebant:
873 1405 908 1456 ad
922 1404 973 1456 has

168 1479 215 1528 r'es
246 1475 429 1526 eorrficiendas
454 1475 506 1526 sibi
525 1476 610 1526 tridui
628 1479 745 1541 spatium
766 1475 854 1528 duret.
895 1477 975 1527 Haec
1054 1501 1055 1506 =

169 1547 261 1598 omnia
271 1547 372 1595 Caesar
386 1544 484 1596 eodem
500 1543 549 1595 illo
562 1546 701 1612 pertinere
712 1543 913 1608 arbitrabatur,
933 1549 978 1607 ut„

168 1616 254 1666 tridui
265 1628 343 1664 mora
352 1615 530 1680 interposita,
543 1617 650 1682 equites
660 1629 769 1680 eorum,
780 1618 825 1683 qui
837 1615 974 1676 abessent,
1054 1645 1055 1678 3

168 1689 388 1736 reverterentur:
409 1688 501 1735 tamen
517 1699 577 1735 sese
592 1699 647 1736 non
662 1684 772 1751 longius
787 1685 898 1736 milibus
914 1697 974 1752 pas·
1054 1723 1055 1730 ,

110 1799 112 1805 ,
169 1768 249 1804 suum
264 1758 386 1818 quatuor
400 1753 556 1819 aquationis
571 1769 669 1804 caussa
678 1769 873 1820 processurum
885 1769 918 1806 eo
930 1751 974 1804 die
1054 1755 1055 1796 Ξ

106 1855 108 1861 1
170 1823 250 1874 dixit:
270 1819 325 1871 buc
341 1826 453 1886 postero
469 1822 512 1872 die
528 1837 610 1888 quarn
622 1822 838 1890 frequentissimi
850 1824 974 1874 conveni·
1054 1875 1055 1882 ,

168 1895 246 1952 rent,
259 1895 288 1938 ut
299 1890 332 1940 dc
344 1905 439 1940 eorum
450 1891 598 1956 postulatis
610 1900 796 1959 cognosceret.
814 1894 927 1944 interim
938 1891 974 1944 ad

168 1955 341 2028 praefectos,
372 1961 418 2025 qui
438 1975 498 2010 cum
521 1963 596 2012 omni
616 1963 740 2028 equitatu
759 1967 974 2025 antecesserant,

169 2029 268 2089 mittit,
284 2029 330 2095 qui
341 2030 520 2092 nunciarent,
541 2047 575 2082 ne
586 2029 679 2082 hostes
689 2032 795 2097 proelio
805 2031 979 2084 lacesserent,

170 2104 206 2162 et,
235 2099 258 2150 si
278 2099 330 2163 ipsi
350 2096 567 2162 lacesserentur,
597 2102 781 2166 sustinerent,
806 2101 896 2170 quood
914 2103 974 2169 ipse

169 2171 230 2220 c'um
247 2170 369 2220 exercitu
386 2169 500 2234 propius
510 2171 677 2222 accessisset

221 2239 282 2290 Xil.
317 2238 353 2289 nt
363 2235 471 2300 hostes,
487 2237 534 2289 ubi
545 2239 662 2305 primum
675 2245 784 2291 nostros
796 2239 901 2307 equites
912 2254 972 2290 con-

170 2312 332 2374 spexerunt,
353 2322 471 2374 quorum
492 2315 552 2359 erat
572 2312 691 2376 quinque
712 2309 816 2360 milium
833 2324 973 2373 numerus,

170 2381 255 2445 q'uum
268 2377 319 2442 ipsi
330 2391 384 2430 non
396 2377 513 2444 amplius
523 2378 617 2429 DCCC
628 2380 734 2446 equites
745 2377 888 2443 haberent,
899 2379 972 2446 quud

169 2448 204 2510 ii,
216 2448 262 2515 qui
274 2447 461 2498 frumentandi
472 2461 569 2500 caussa
580 2451 671 2498 ierant
681 2454 758 2499 trans
770 2447 891 2511 Mosam,
908 2463 973 2499 non-

170 2515 235 2566 dum
248 2515 401 2580 redierant,
421 2515 488 2567 nihil
499 2517 659 2569 timentibus
669 2520 786 2582 nostris,
806 2519 880 2586 quod
889 2518 973 2586 legati

171 2582 267 2636 eorum'
283 2585 379 2648 paullo
394 2591 458 2636 ante
474 2587 620 2638 aCaesare
635 2587 831 2652 discesserant,
851 2594 934 2655 atque
948 2588 971 2638 is
1004 2588 1006 2592 ’

98 2660 103 2671 ·
170 2653 229 2703 dies
240 2653 358 2703 induciis
370 2660 430 2706 erat
440 2656 473 2706 ab
485 2656 524 2706 eis
535 2656 650 2721 petitus,
665 2658 769 2723 impetu
782 2658 868 2717 facto,
879 2656 972 2708 celeri·

172 2719 216 2772 ter
242 2727 352 2773 nostros
377 2723 618 2790 perturbaverunt.
654 2727 760 2778 Rursus
780 2726 970 2780 resistentibus
1054 2725 1055 2762 ἓ
