2180 3140
384 173 533 226 LIBER
559 175 599 228 11.
843 174 896 233 m

141 277 190 332 lll.
208 276 326 328 iuterim
342 275 376 328 L.
390 275 532 340 Nasidius,
552 279 587 330 ab
606 278 655 330 Cn.
677 278 809 345 Pompeio
830 293 893 332 cunr

89 350 178 401 classe
190 347 300 398 nauum
313 346 443 406 sederim,
460 348 488 398 iu
500 349 599 415 quibus
610 363 714 415 paucae
726 354 805 400 eraut
816 363 894 404 aera-

90 426 150 479 tae,
171 417 203 468 L.
214 416 340 468 Domitio
351 416 636 485 Massiliensibusque
648 418 772 469 subsidio
783 417 896 480 nrissus,

90 487 162 540 freto
173 485 296 549 Siciliae,
307 485 483 552 imprudente
495 493 578 555 atque
589 488 751 554 inopinante
763 487 894 550 Curione,

89 541 261 627 pervehitur:
281 555 460 624 adpulsisque
481 557 640 609 Messanam
657 558 787 619 navibus,
809 563 893 626 atque

90 628 155 678 inde
169 633 284 692 propter
299 627 474 692 repentinum
493 631 630 678 terrorem
642 627 797 693 principum
809 641 841 678 uc
853 642 894 678 so·

91 704 173 748 natus
184 695 250 762 luga
261 694 348 756 lacta,
369 710 404 747 ex
415 696 560 748 travalibus
572 711 668 750 eorum
680 711 763 748 unam
776 695 895 748 deducit

90 768 152 817 Hac
163 765 295 816 adiuncta
305 764 341 815 ad
357 765 479 832 reliquas
496 782 594 828 nares,
613 781 725 818 cursum
738 765 893 818 Massiliam

91 850 189 886 versus
200 833 325 900 perficit3
343 836 554 904 praemissaque
565 836 635 888 clam
647 836 784 898 navicula,
799 835 895 888 Domi·

91 906 160 956 tium
171 903 416 972 Massiliensesque
428 905 462 956 de
478 921 528 957 suo
544 907 664 959 adventu
680 908 815 960 certiores
828 905 896 956 lacit

92 989 195 1041 eosque
216 988 385 1040 nragnopere
407 972 550 1040 hortatur,
570 983 602 1028 ut
621 991 717 1029 rursus
737 991 800 1028 curn
815 975 895 1028 Bruti

91 1043 191 1103 classe,
202 1043 304 1095 additis
316 1045 374 1094 suis
386 1046 507 1108 auxiliis,
519 1047 679 1115 confligant.

143 1113 190 1166 lV.
219 1113 425 1178 Massilienses,
446 1123 510 1182 post
531 1121 659 1184 superius
679 1115 895 1176 incommodum,

92 1191 202 1235 veteres
223 1183 257 1235 ad
279 1183 405 1236 euurdem
423 1201 568 1238 numerum
586 1202 620 1239 ex
636 1188 779 1238 netralibus
795 1186 896 1254 produ-

91 1261 151 1305 ctas
168 1268 252 1304 naves
268 1254 428 1305 refecerant
442 1270 605 1324 summaque
622 1257 762 1324 industria
773 1270 897 1306 armave-

91 1328 170 1383 rant,
186 1324 333 1390 (remigum
344 1325 619 1394 gubernatoremque
631 1341 731 1393 magua
740 1325 824 1390 *eopia
833 1339 897 1390 sup·

93 1395 219 1460 petebat)
240 1394 461 1461 piscatoriasque
484 1395 646 1447 adiecerant
666 1402 750 1462 atque
766 1399 899 1445 contexe

92 1467 164 1524 rant,
174 1469 206 1513 ut
216 1469 312 1515 essent
322 1464 356 1513 ab
367 1464 425 1514 ictu
436 1464 559 1516 telorum
571 1467 691 1532 remiges
706 1463 773 1515 tuti:
794 1462 844 1514 has
855 1476 898 1513 sa·

92 1534 216 1600 gittariis
237 1535 442 1600 tormentisque
463 1529 680 1601 compleverunt.
726 1533 791 1584 Tali
813 1531 896 1584 niodo

92 1604 229 1656 instructa
248 1602 348 1666 classe,
368 1605 490 1654 omnium
508 1604 661 1665 seniorum,
681 1608 801 1655 matrum
818 1601 898 1652 lunii·

91 1673 162 1734 liae,
182 1673 320 1740 virginum
331 1673 457 1738 precibus
469 1679 498 1724 et
509 1673 578 1725 iletu
589 1673 717 1735 excitati,
736 1670 790 1739 [ut]
803 1679 896 1723 extre·

92 1757 138 1794 mo
147 1749 274 1809 tempore
286 1743 392 1794 civitati
404 1745 594 1807 subvenirent,
615 1759 671 1796 non
681 1745 791 1794 minore
802 1741 896 1794 animo

92 1827 125 1864 ae
134 1811 247 1876 fiducia,
268 1827 350 1879 quam
362 1818 429 1865 ante
440 1813 648 1878 dimicaverant,
669 1828 754 1866 naves
766 1827 897 1866 conscen-

92 1881 170 1934 dunt.
207 1884 352 1936 communi
368 1886 441 1936 enirn
456 1884 491 1936 fit
505 1887 575 1938 vitio
590 1891 720 1947 naturae,
740 1891 771 1934 ut
790 1882 896 1944 invisis,

91 1951 267 2004 latitantibus
279 1959 361 2020 atque
372 1955 522 2023 incognitis
531 1958 615 2010 rebus
626 1956 714 2023 magia
724 1953 896 2006 confidamus

92 2020 339 2089 vehementiusque
351 2030 556 2078 exterreamur:
575 2034 607 2078 ut
624 2032 682 2078 tum
694 2023 804 2075 aecidit.
840 2022 897 2074 Ad-

93 2096 194 2142 ventus
204 2091 279 2142 enim
291 2092 323 2142 L.
335 2093 444 2146 Nasidii
460 2112 568 2148 summa
578 2111 628 2162 spe
640 2103 668 2146 et
678 2094 821 2145 voluntate
833 2092 897 2144 civi·

92 2162 181 2210 tatem
201 2161 399 2228 compleverat.
444 2165 526 2218 Nacti
550 2166 680 2217 idoneum
702 2169 831 2224 ventum,
862 2175 897 2213 ex

93 2233 177 2295 portu
189 2237 292 2281 exeunt
303 2238 331 2282 et
341 2233 512 2297 Tauroenta',
524 2235 598 2301 quod
609 2241 654 2286 est
663 2231 809 2286 castellum
821 2231 896 2283 Mas-

5 2307 9 2320 *
92 2297 255 2361 siliensium,
266 2301 301 2351 ad
309 2301 452 2354 Nasidium
463 2305 639 2370 perveniunt,
649 2303 743 2370 ibique
754 2316 839 2354 naves
851 2315 898 2352 ex·

93 2368 215 2434 pediunt,
225 2384 376 2436 rursusque
388 2387 418 2423 se
430 2373 465 2424 ad
475 2373 680 2440 confligendum
692 2372 785 2424 animo
796 2372 896 2424 contir-

93 2444 171 2490 mant
182 2445 211 2491 et
222 2439 339 2491 consilia
348 2443 563 2496 communicant.
601 2443 709 2496 Dextra
719 2455 784 2508 pars
795 2442 896 2496 Massi·

92 2509 226 2561 liensibus
239 2508 417 2575 adtribuitur,
427 2513 542 2564 sinistra
553 2513 676 2566 Nasidio.
800 2550 804 2556 -

143 2580 177 2634 V.
196 2579 302 2632 Eodem
314 2581 417 2634 Brutus
427 2583 667 2647 contenditaucto
679 2583 789 2634 nuvium
800 2595 903 2634 nume·-

90 2665 132 2702 ro.
168 2649 238 2704 Nann
248 2650 283 2701 ad
294 2666 355 2712 eas,
366 2668 436 2718 quae
453 2653 542 2706 iactae
554 2661 635 2706 eraut
645 2654 756 2708 Arelate
766 2668 817 2720 per
828 2653 893 2704 Cae·

90 2734 189 2785 serem,
210 2721 333 2789 captivae
346 2723 561 2778 Massiliensium
573 2728 749 2780 accesserant
758 2739 815 2778 rea
834 2723 893 2780 Hes
