2180 3140
216 170 268 224 28
429 169 485 220 ΒΕ
505 167 650 220 untho
671 165 804 220 cll'lLl

215 275 297 337 lecim
316 285 395 326 arma
409 273 504 323 omnia
512 272 622 338 priuata
631 287 664 323 ac
673 271 783 339 publica
792 271 819 320 in
830 271 940 322 damam
949 272 1024 324 Gal·

216 343 285 396 lonii
297 341 429 404 arritulit3
456 342 516 408 ipsc
528 341 626 392 babuit
637 356 737 409 graves
751 343 779 390 in
791 341 938 392 Caesarem
951 357 1023 392 cen-

217 414 322 466 elones.
346 412 435 479 Saepe
446 426 481 463 ex
492 411 625 462 tribunali
636 410 815 480 praedicarit,
824 411 937 462 adnuae
951 409 1024 462 Cae-

215 499 301 536 sarem
308 480 529 552 proeliaseeim,
538 495 666 550 mgnum
676 489 813 532 nnmerum
824 479 858 531 ab
868 480 1023 531 comilirum

214 554 253 606 nd
262 551 412 624 Afranium
417 550 576 623 perfugisse
582 566 593 611 ,·
607 550 673 602 haee
682 567 709 602 ee
718 549 801 601 certis
811 550 925 613 nunciis,
935 550 1022 601 certis

215 619 387 682 auctoribus,
414 621 579 688 comperisse.
625 621 731 681 Quibus
751 621 834 670 rebus
853 621 1021 686 perterritos

216 693 285 745 civis
298 691 437 742 Romanos
453 692 513 741 eius
526 690 688 757 provinciae
699 690 752 741 sibi
770 689 805 739 ad
821 690 1018 756 rempublicam

216 759 467 814 administrandam
484 757 540 811 HS.
556 758 684 811 CLXXX
698 765 728 811 et
740 759 954 826 argentipondo
965 759 1019 810 XX

218 832 310 894 milia,
338 831 426 881 tritici
447 829 557 881 modios
577 829 652 879 CXX
671 830 750 880 milia
770 828 895 895 polliceri
915 830 1018 896 coegit.

218 903 294 964 Ques
305 900 418 951 Caesari
428 915 491 951 esse
501 899 605 950 amicas
615 899 743 950 ciuitates
754 899 955 961 arbitrabatur,
983 899 1020 948 iis

217 971 349 1040 grauiora
366 983 453 1021 onera
467 969 632 1035 iniungebat
645 969 839 1036 praesidiaque
855 985 888 1020 eo
903 968 1020 1019 deduce-

216 1039 282 1103 bat3
293 1044 322 1091 ct
331 1037 436 1089 iudicia
445 1039 474 1090 in
486 1039 608 1103 privatos
620 1038 766 1101 reddebat3
783 1041 830 1105 qui
841 1039 927 1089 verba
936 1044 1020 1104 atque

219 1109 373 1161 orationem
384 1107 517 1159 adversus
527 1108 725 1173 rempublicam
737 1107 905 1169 habuissent,
923 1123 1020 1159 eorum

218 1181 292 1232 bona
304 1179 334 1230 in
345 1177 483 1245 publicum
499 1176 659 1240 addicebat3
688 1179 854 1243 provinciam
870 1192 979 1228 uninem
991 1179 1018 1227 in

219 1265 270 1301 sue
281 1255 310 1300 et
322 1247 447 1314 Pompeii
456 1247 542 1297 rerba
552 1247 743 1297 iusiurandum
756 1247 894 1315 adigebat.
921 1249 1021 1314 Cogni-

219 1321 255 1370 tis
266 1319 302 1370 iis
314 1318 397 1369 rebus
403 1355 411 1380 ,
432 1331 503 1384 quae
515 1321 581 1366 sunt
590 1323 688 1385 gestae
698 1319 727 1366 iu
738 1319 866 1368 citeriore
879 1317 1021 1382 Hispania,

218 1389 322 1441 bellum
334 1387 456 1453 parabat.
494 1387 574 1437 ilatio
586 1391 678 1437 autem
689 1385 758 1438 baec
768 1392 830 1438 erat
839 1386 919 1450 belli,
946 1392 978 1438 ut
989 1402 1020 1438 se

220 1473 280 1509 cum
293 1457 399 1508 duabus
415 1456 571 1524 legionibus
583 1455 669 1508 Gadis
686 1455 842 1520 conferret,
869 1471 952 1508 nares
964 1455 1019 1507 fru-

219 1533 396 1594 mentumque
407 1541 488 1578 omne
505 1527 542 1577 ibi
559 1526 730 1578 contineret:
763 1525 933 1594 provinciam
946 1527 1018 1578 enim

220 1611 329 1648 «emnem
342 1597 469 1647 (laeseris
480 1598 564 1648 rebus
575 1596 670 1648 favere
682 1601 857 1664 cognoverat.
876 1597 1018 1659 ininsula,

219 1667 360 1718 frumento
377 1665 547 1732 naribusque
565 1667 747 1735 comparatis,
776 1666 877 1717 bellum
890 1665 950 1716 duci
964 1681 1019 1718 non

219 1733 331 1786 dillrcile
348 1733 534 1786 existimabat.
571 1737 688 1800 Caesar,
715 1736 770 1787 etsi
785 1735 879 1786 multis
895 1749 1019 1787 necessa·

219 1804 326 1872 rllsque
339 1803 420 1854 rebus
431 1805 459 1854 in
471 1804 581 1856 ltaliam
591 1806 788 1868 revocabatur,
816 1810 910 1856 tamen
922 1808 1020 1856 consti-

218 1877 321 1934 tuerat,
339 1872 444 1924 nullam
456 1881 561 1940 partem
571 1875 640 1927 belli
650 1877 679 1926 in
691 1877 835 1941 Hispaniis
847 1876 1019 1942 relinquere3

219 1941 293 2011 quod
304 1955 406 2010 magna
418 1958 480 1995 esse
493 1943 613 2011 Pompeii
626 1945 761 1997 beneficia
771 1950 800 1996 et
810 1959 924 2012 niagnas
934 1941 1019 1996 elien·

217 2011 290 2066 telas
302 2012 329 2062 ln
341 2013 471 2064 citeriore
482 2015 623 2080 provincia
633 2017 745 2067 sciebat.

271 2081 346 2135 XlX.
365 2083 470 2152 ltaque,
480 2083 587 2136 duabus
599 2084 756 2153 legionibus
767 2086 859 2136 missis
870 2086 898 2135 in
910 2085 1020 2136 ulterio-

220 2167 279 2208 rem
292 2151 454 2220 Hispaniam
471 2169 531 2205 oum
543 2155 574 2217 Q.
587 2156 697 2217 Cassio,
716 2155 945 2222 tribunoplebis,
963 2155 1019 2220 ipsc

220 2237 281 2276 cum
294 2224 433 2275 sexcentis
446 2225 582 2290 equitibus
599 2227 707 2294 anagnis
723 2227 866 2278 itineribus
878 2226 1019 2292 progredi-

220 2301 267 2344 tur
279 2292 453 2360 edictumque
465 2295 632 2360 praemittit,
653 2294 687 2346 ael
699 2311 779 2363 quam
791 2296 862 2347 diem
874 2297 1019 2363 magistra·

219 2365 266 2413 tus
276 2363 471 2430 principesque
487 2363 608 2414 οιιιιιὶιιιιι
621 2365 762 2415 civitatum
774 2367 824 2417 sibi
837 2381 899 2417 esse
909 2371 1018 2432 praesto

221 2431 365 2484 Cordubae
374 2432 468 2484 vellet.
505 2432 566 2495 Quo
580 2435 670 2486 edicto
686 2440 746 2485 tota
761 2436 903 2502 provincia
913 2434 1019 2501 peruul-

220 2505 297 2570 geto‚
308 2501 384 2552 nulla
396 2499 449 2553 mit
460 2503 563 2564 civitas,
579 2505 644 2571 quin
657 2503 691 2555 ad
703 2505 730 2555 ld
741 2510 851 2571 tempus
862 2511 967 2570 partem
977 2519 1018 2556 se-

219 2577 302 2621 natus
318 2567 473 2622 Cordubam
488 2573 624 2634 mitteret3
654 2572 780 2625 nullusve
796 2576 864 2626 ciris
880 2575 1017 2627 lloaranus

219 2638 314 2704 paullo
325 2639 430 2702 notior,
449 2643 514 2708 quin
526 2640 644 2693 acidiam
657 2646 826 2695 conveniret.
863 2643 952 2696 Simul
960 2646 1017 2712 ipa

219 2705 365 2760 Cordubae
386 2715 537 2762 coniventes
552 2725 603 2778 per
618 2725 649 2763 se
664 2717 759 2778 portas
776 2713 896 2767 Varroni
911 2714 1017 2777 elausit,
