<?xml version="1.0" encoding="UTF-8"?>
<!DOCTYPE html PUBLIC "-//W3C//DTD XHTML 1.0 Transitional//EN"
    "http://www.w3.org/TR/xhtml1/DTD/xhtml1-transitional.dtd">
<html xmlns="http://www.w3.org/1999/xhtml" xml:lang="en" lang="en">
 <head>
  <title>
</title>
<meta http-equiv="Content-Type" content="text/html;charset=utf-8" />
  <meta name='ocr-system' content='tesseract 3.04.00' />
  <meta name='ocr-capabilities' content='ocr_page ocr_carea ocr_par ocr_line ocrx_word'/>
</head>
<body>
  <div class='ocr_page' id='page_1' title='image "./cjuliicaesarisc05caesgoog_0478.png"; bbox 0 0 2134 3148; ppageno 0'>
   <div class='ocr_carea' id='block_1_1' title="bbox 164 179 800 262">
    <p class='ocr_par' dir='ltr' id='par_1_1' title="bbox 164 179 800 262">
     <span class='ocr_line' id='line_1_1' title="bbox 164 179 800 262; baseline -0.024 -15"><span class='ocrx_word' id='word_1_1' title='bbox 164 187 235 262; x_wconf 69' lang='lat' dir='ltr'>¹lilii</span> <span class='ocrx_word' id='word_1_2' title='bbox 366 183 397 238; x_wconf 81' lang='lat' dir='ltr'>l.</span> <span class='ocrx_word' id='word_1_3' title='bbox 419 185 560 238; x_wconf 76' lang='lat' dir='ltr'>illari-1</span> <span class='ocrx_word' id='word_1_4' title='bbox 581 183 637 236; x_wconf 84' lang='lat' dir='ltr'>DE</span> <span class='ocrx_word' id='word_1_5' title='bbox 656 179 800 235; x_wconf 73' lang='lat' dir='ltr'>banno</span> 
     </span>
    </p>
   </div>
   <div class='ocr_carea' id='block_1_2' title="bbox 104 267 1050 2799">
    <p class='ocr_par' dir='ltr' id='par_1_2' title="bbox 104 267 1050 2799">
     <span class='ocr_line' id='line_1_2' title="bbox 184 267 1050 357; baseline -0.014 -12"><span class='ocrx_word' id='word_1_6' title='bbox 184 267 378 354; x_wconf 72' lang='lat' dir='ltr'>circumdatus,</span> <span class='ocrx_word' id='word_1_7' title='bbox 389 290 516 352; x_wconf 78' lang='lat' dir='ltr'>caedere,</span> <span class='ocrx_word' id='word_1_8' title='bbox 528 295 662 357; x_wconf 87' lang='lat' dir='ltr'>qnantum</span> <span class='ocrx_word' id='word_1_9' title='bbox 673 288 779 340; x_wconf 83' lang='lat' dir='ltr'>viribus</span> <span class='ocrx_word' id='word_1_10' title='bbox 790 290 914 353; x_wconf 82' lang='lat' dir='ltr'>poterat,</span> <span class='ocrx_word' id='word_1_11' title='bbox 934 299 992 335; x_wconf 90' lang='lat' dir='ltr'>non</span> <span class='ocrx_word' id='word_1_12' title='bbox 1049 275 1050 322; x_wconf 74' lang='lat' dir='ltr'>l</span> 
     </span>
     <span class='ocr_line' id='line_1_3' title="bbox 184 355 997 429; baseline -0.014 -14"><span class='ocrx_word' id='word_1_13' title='bbox 184 361 307 415; x_wconf 81' lang='lat' dir='ltr'><strong>destitit:</strong></span> <span class='ocrx_word' id='word_1_14' title='bbox 326 377 380 429; x_wconf 93' lang='lat' dir='ltr'>qno</span> <span class='ocrx_word' id='word_1_15' title='bbox 393 361 490 412; x_wconf 86' lang='lat' dir='ltr'>dolore</span> <span class='ocrx_word' id='word_1_16' title='bbox 500 361 638 412; x_wconf 81' lang='lat' dir='ltr'>adductus</span> <span class='ocrx_word' id='word_1_17' title='bbox 651 357 824 424; x_wconf 77' lang='lat' dir='ltr'><strong>elephantus,</strong></span> <span class='ocrx_word' id='word_1_18' title='bbox 846 357 933 406; x_wconf 89' lang='lat' dir='ltr'>milite</span> <span class='ocrx_word' id='word_1_19' title='bbox 945 355 997 405; x_wconf 56' lang='lat' dir='ltr'>ab:</span> 
     </span>
     <span class='ocr_line' id='line_1_4' title="bbox 182 424 994 496; baseline -0.016 -10"><span class='ocrx_word' id='word_1_20' title='bbox 182 432 270 495; x_wconf 80' lang='lat' dir='ltr'>lecto,</span> <span class='ocrx_word' id='word_1_21' title='bbox 291 435 411 482; x_wconf 87' lang='lat' dir='ltr'>maximo</span> <span class='ocrx_word' id='word_1_22' title='bbox 429 446 490 480; x_wconf 88' lang='lat' dir='ltr'>cum</span> <span class='ocrx_word' id='word_1_23' title='bbox 506 430 628 482; x_wconf 83' lang='lat' dir='ltr'><strong>stridore</strong></span> <span class='ocrx_word' id='word_1_24' title='bbox 643 442 782 496; x_wconf 79' lang='lat' dir='ltr'>cursuque</span> <span class='ocrx_word' id='word_1_25' title='bbox 793 433 945 478; x_wconf 85' lang='lat' dir='ltr'>conversus</span> <span class='ocrx_word' id='word_1_26' title='bbox 957 424 994 474; x_wconf 82' lang='lat' dir='ltr'>arl</span> 
     </span>
     <span class='ocr_line' id='line_1_5' title="bbox 185 501 905 570; baseline -0.006 -15"><span class='ocrx_word' id='word_1_27' title='bbox 185 502 307 570; x_wconf 83' lang='lat' dir='ltr'>reliquas</span> <span class='ocrx_word' id='word_1_28' title='bbox 323 502 428 552; x_wconf 88' lang='lat' dir='ltr'>bestias</span> <span class='ocrx_word' id='word_1_29' title='bbox 439 515 469 551; x_wconf 86' lang='lat' dir='ltr'>se</span> <span class='ocrx_word' id='word_1_30' title='bbox 481 501 596 566; x_wconf 83' lang='lat' dir='ltr'>recepit.</span> <span class='ocrx_word' id='word_1_31' title='bbox 641 537 644 544; x_wconf 51' lang='grc'>,</span> <span class='ocrx_word' id='word_1_32' title='bbox 707 523 710 530; x_wconf 91' lang='grc'><strong><em>·</em></strong></span> <span class='ocrx_word' id='word_1_33' title='bbox 904 523 905 528; x_wconf 51' lang='grc'>’</span> 
     </span>
     <span class='ocr_line' id='line_1_6' title="bbox 238 565 995 637; baseline -0.011 -13"><span class='ocrx_word' id='word_1_34' title='bbox 238 572 377 624; x_wconf 83' lang='lat' dir='ltr'>LXXXV.</span> <span class='ocrx_word' id='word_1_35' title='bbox 396 570 510 621; x_wconf 77' lang='lat' dir='ltr'><strong>Interim</strong></span> <span class='ocrx_word' id='word_1_36' title='bbox 523 570 637 637; x_wconf 81' lang='lat' dir='ltr'><strong>Thapso</strong></span> <span class='ocrx_word' id='word_1_37' title='bbox 648 570 695 637; x_wconf 91' lang='lat' dir='ltr'>qui</span> <span class='ocrx_word' id='word_1_38' title='bbox 707 572 788 620; x_wconf 90' lang='lat' dir='ltr'>erant</span> <span class='ocrx_word' id='word_1_39' title='bbox 797 565 947 634; x_wconf 83' lang='lat' dir='ltr'>praesidio,</span> <span class='ocrx_word' id='word_1_40' title='bbox 958 579 995 617; x_wconf 81' lang='lat' dir='ltr'>ex</span> 
     </span>
     <span class='ocr_line' id='line_1_7' title="bbox 104 633 996 710; baseline -0.011 -15"><span class='ocrx_word' id='word_1_41' title='bbox 104 667 106 669; x_wconf 96' lang='lat'>·</span> <span class='ocrx_word' id='word_1_42' title='bbox 188 641 290 710; x_wconf 89' lang='lat' dir='ltr'>oppido</span> <span class='ocrx_word' id='word_1_43' title='bbox 302 641 476 708; x_wconf 88' lang='lat' dir='ltr'>eruptionem</span> <span class='ocrx_word' id='word_1_44' title='bbox 488 633 569 706; x_wconf 83' lang='lat' dir='ltr'>porta</span> <span class='ocrx_word' id='word_1_45' title='bbox 579 640 717 690; x_wconf 86' lang='lat' dir='ltr'>maritima</span> <span class='ocrx_word' id='word_1_46' title='bbox 730 637 880 700; x_wconf 78' lang='lat' dir='ltr'>factumst,</span> <span class='ocrx_word' id='word_1_47' title='bbox 892 639 952 704; x_wconf 82' lang='lat' dir='ltr'>sire</span> <span class='ocrx_word' id='word_1_48' title='bbox 963 640 996 686; x_wconf 82' lang='lat' dir='ltr'>ut</span> 
     </span>
     <span class='ocr_line' id='line_1_8' title="bbox 187 707 995 774; baseline -0.007 -12"><span class='ocrx_word' id='word_1_49' title='bbox 187 711 383 768; x_wconf 80' lang='lat' dir='ltr'>unissubsidio</span> <span class='ocrx_word' id='word_1_50' title='bbox 400 716 587 772; x_wconf 86' lang='lat' dir='ltr'>occurrerent,</span> <span class='ocrx_word' id='word_1_51' title='bbox 608 710 667 760; x_wconf 87' lang='lat' dir='ltr'>sire</span> <span class='ocrx_word' id='word_1_52' title='bbox 684 715 724 770; x_wconf 88' lang='lat' dir='ltr'>nt,</span> <span class='ocrx_word' id='word_1_53' title='bbox 745 707 846 774; x_wconf 87' lang='lat' dir='ltr'>oppido</span> <span class='ocrx_word' id='word_1_54' title='bbox 869 708 995 768; x_wconf 86' lang='lat' dir='ltr'>deserto,</span> 
     </span>
     <span class='ocr_line' id='line_1_9' title="bbox 187 777 996 850; baseline -0.01 -17"><span class='ocrx_word' id='word_1_55' title='bbox 187 781 254 850; x_wconf 77' lang='lat' dir='ltr'>luga</span> <span class='ocrx_word' id='word_1_56' title='bbox 266 777 384 832; x_wconf 88' lang='lat' dir='ltr'>salutem</span> <span class='ocrx_word' id='word_1_57' title='bbox 399 780 453 831; x_wconf 88' lang='lat' dir='ltr'>sibi</span> <span class='ocrx_word' id='word_1_58' title='bbox 475 790 616 846; x_wconf 88' lang='lat' dir='ltr'>pararent,</span> <span class='ocrx_word' id='word_1_59' title='bbox 639 777 835 846; x_wconf 82' lang='lat' dir='ltr'>egrediuntur3</span> <span class='ocrx_word' id='word_1_60' title='bbox 854 784 938 843; x_wconf 88' lang='lat' dir='ltr'>atque</span> <span class='ocrx_word' id='word_1_61' title='bbox 954 777 996 826; x_wconf 89' lang='lat' dir='ltr'>ita</span> 
     </span>
     <span class='ocr_line' id='line_1_10' title="bbox 188 847 996 919; baseline -0.009 -17"><span class='ocrx_word' id='word_1_62' title='bbox 188 867 239 919; x_wconf 86' lang='lat' dir='ltr'>per</span> <span class='ocrx_word' id='word_1_63' title='bbox 253 865 336 911; x_wconf 20' lang='lat' dir='ltr'>,mare</span> <span class='ocrx_word' id='word_1_64' title='bbox 357 851 481 902; x_wconf 85' lang='lat' dir='ltr'>umbilici</span> <span class='ocrx_word' id='word_1_65' title='bbox 501 849 557 901; x_wconf 86' lang='lat' dir='ltr'>tine</span> <span class='ocrx_word' id='word_1_66' title='bbox 573 848 707 917; x_wconf 78' lang='lat' dir='ltr'>ingressi,</span> <span class='ocrx_word' id='word_1_67' title='bbox 728 853 832 898; x_wconf 86' lang='lat' dir='ltr'>terram</span> <span class='ocrx_word' id='word_1_68' title='bbox 847 847 996 916; x_wconf 84' lang='lat' dir='ltr'>petebant:</span> 
     </span>
     <span class='ocr_line' id='line_1_11' title="bbox 189 915 998 988; baseline -0.007 -17"><span class='ocrx_word' id='word_1_69' title='bbox 189 921 239 988; x_wconf 91' lang='lat' dir='ltr'>qui</span> <span class='ocrx_word' id='word_1_70' title='bbox 249 934 266 970; x_wconf 92' lang='lat' dir='ltr'>a</span> <span class='ocrx_word' id='word_1_71' title='bbox 276 920 400 972; x_wconf 85' lang='lat' dir='ltr'>servitiis</span> <span class='ocrx_word' id='word_1_72' title='bbox 411 921 572 988; x_wconf 86' lang='lat' dir='ltr'>puerisque,</span> <span class='ocrx_word' id='word_1_73' title='bbox 584 921 629 988; x_wconf 91' lang='lat' dir='ltr'>qui</span> <span class='ocrx_word' id='word_1_74' title='bbox 640 919 669 968; x_wconf 93' lang='lat' dir='ltr'>in</span> <span class='ocrx_word' id='word_1_75' title='bbox 681 918 782 969; x_wconf 88' lang='lat' dir='ltr'>castris</span> <span class='ocrx_word' id='word_1_76' title='bbox 794 924 884 980; x_wconf 89' lang='lat' dir='ltr'>erant,</span> <span class='ocrx_word' id='word_1_77' title='bbox 895 915 998 983; x_wconf 84' lang='lat' dir='ltr'>lapidi-</span> 
     </span>
     <span class='ocr_line' id='line_1_12' title="bbox 189 987 998 1056; baseline -0.006 -15"><span class='ocrx_word' id='word_1_78' title='bbox 189 992 241 1042; x_wconf 86' lang='lat' dir='ltr'>bus</span> <span class='ocrx_word' id='word_1_79' title='bbox 253 990 371 1056; x_wconf 88' lang='lat' dir='ltr'>pilisque</span> <span class='ocrx_word' id='word_1_80' title='bbox 382 989 631 1054; x_wconf 86' lang='lat' dir='ltr'>prohibitite&#39;rram</span> <span class='ocrx_word' id='word_1_81' title='bbox 643 987 799 1055; x_wconf 88' lang='lat' dir='ltr'>adtingere,</span> <span class='ocrx_word' id='word_1_82' title='bbox 815 995 913 1039; x_wconf 87' lang='lat' dir='ltr'>rursus</span> <span class='ocrx_word' id='word_1_83' title='bbox 925 987 998 1037; x_wconf 90' lang='lat' dir='ltr'>sein</span> 
     </span>
     <span class='ocr_line' id='line_1_13' title="bbox 190 1057 998 1126; baseline -0.009 -14"><span class='ocrx_word' id='word_1_84' title='bbox 190 1059 319 1126; x_wconf 89' lang='lat' dir='ltr'>oppidum</span> <span class='ocrx_word' id='word_1_85' title='bbox 331 1065 504 1124; x_wconf 86' lang='lat' dir='ltr'>receperunt.</span> <span class='ocrx_word' id='word_1_86' title='bbox 539 1060 666 1120; x_wconf 88' lang='lat' dir='ltr'>interim,</span> <span class='ocrx_word' id='word_1_87' title='bbox 687 1057 824 1124; x_wconf 83' lang='lat' dir='ltr'>Scipionis</span> <span class='ocrx_word' id='word_1_88' title='bbox 835 1057 922 1124; x_wconf 88' lang='lat' dir='ltr'>copiis</span> <span class='ocrx_word' id='word_1_89' title='bbox 932 1070 998 1122; x_wconf 90' lang='lat' dir='ltr'>pro·</span> 
     </span>
     <span class='ocr_line' id='line_1_14' title="bbox 190 1125 997 1196; baseline -0.002 -18"><span class='ocrx_word' id='word_1_90' title='bbox 190 1130 289 1185; x_wconf 80' lang='lat' dir='ltr'>stratis</span> <span class='ocrx_word' id='word_1_91' title='bbox 300 1129 457 1196; x_wconf 75' lang='lat' dir='ltr'>passimque</span> <span class='ocrx_word' id='word_1_92' title='bbox 467 1134 528 1179; x_wconf 93' lang='lat' dir='ltr'>toto</span> <span class='ocrx_word' id='word_1_93' title='bbox 539 1145 637 1196; x_wconf 88' lang='lat' dir='ltr'>campo</span> <span class='ocrx_word' id='word_1_94' title='bbox 648 1128 830 1195; x_wconf 81' lang='lat' dir='ltr'>fugientibus,</span> <span class='ocrx_word' id='word_1_95' title='bbox 848 1125 997 1178; x_wconf 83' lang='lat' dir='ltr'>confestim</span> 
     </span>
     <span class='ocr_line' id='line_1_15' title="bbox 191 1195 997 1267; baseline -0.004 -18"><span class='ocrx_word' id='word_1_96' title='bbox 191 1199 321 1250; x_wconf 82' lang='lat' dir='ltr'>Caesaris</span> <span class='ocrx_word' id='word_1_97' title='bbox 332 1198 459 1266; x_wconf 80' lang='lat' dir='ltr'>legiones</span> <span class='ocrx_word' id='word_1_98' title='bbox 470 1201 612 1267; x_wconf 83' lang='lat' dir='ltr'>consequi,</span> <span class='ocrx_word' id='word_1_99' title='bbox 627 1199 804 1265; x_wconf 86' lang='lat' dir='ltr'>spatiumque</span> <span class='ocrx_word' id='word_1_100' title='bbox 816 1213 846 1249; x_wconf 90' lang='lat' dir='ltr'>se</span> <span class='ocrx_word' id='word_1_101' title='bbox 859 1209 916 1246; x_wconf 91' lang='lat' dir='ltr'>non</span> <span class='ocrx_word' id='word_1_102' title='bbox 928 1195 997 1246; x_wconf 78' lang='lat' dir='ltr'>dare</span> 
     </span>
     <span class='ocr_line' id='line_1_16' title="bbox 191 1268 997 1337; baseline -0.007 -17"><span class='ocrx_word' id='word_1_103' title='bbox 191 1268 348 1336; x_wconf 84' lang='lat' dir='ltr'>colligendi.</span> <span class='ocrx_word' id='word_1_104' title='bbox 384 1268 439 1329; x_wconf 77' lang='lat' dir='ltr'>Qui</span> <span class='ocrx_word' id='word_1_105' title='bbox 451 1275 600 1337; x_wconf 86' lang='lat' dir='ltr'>postquam</span> <span class='ocrx_word' id='word_1_106' title='bbox 612 1268 647 1318; x_wconf 90' lang='lat' dir='ltr'>ad</span> <span class='ocrx_word' id='word_1_107' title='bbox 659 1283 692 1320; x_wconf 91' lang='lat' dir='ltr'>ea</span> <span class='ocrx_word' id='word_1_108' title='bbox 703 1275 809 1330; x_wconf 87' lang='lat' dir='ltr'>castra,</span> <span class='ocrx_word' id='word_1_109' title='bbox 831 1281 903 1335; x_wconf 85' lang='lat' dir='ltr'>quae</span> <span class='ocrx_word' id='word_1_110' title='bbox 919 1271 997 1333; x_wconf 83' lang='lat' dir='ltr'><strong>pete·</strong></span> 
     </span>
     <span class='ocr_line' id='line_1_17' title="bbox 189 1335 1050 1405; baseline -0.01 -11"><span class='ocrx_word' id='word_1_111' title='bbox 189 1340 268 1400; x_wconf 85' lang='lat' dir='ltr'>bant,</span> <span class='ocrx_word' id='word_1_112' title='bbox 288 1337 485 1405; x_wconf 81' lang='lat' dir='ltr'>perfugernnt,</span> <span class='ocrx_word' id='word_1_113' title='bbox 504 1345 537 1390; x_wconf 89' lang='lat' dir='ltr'>ut</span> <span class='ocrx_word' id='word_1_114' title='bbox 548 1339 644 1390; x_wconf 82' lang='lat' dir='ltr'>relecti</span> <span class='ocrx_word' id='word_1_115' title='bbox 656 1339 755 1390; x_wconf 83' lang='lat' dir='ltr'>castris</span> <span class='ocrx_word' id='word_1_116' title='bbox 766 1351 863 1388; x_wconf 89' lang='lat' dir='ltr'>rnrsns</span> <span class='ocrx_word' id='word_1_117' title='bbox 875 1351 938 1386; x_wconf 87' lang='lat' dir='ltr'>sese</span> <span class='ocrx_word' id='word_1_118' title='bbox 951 1335 998 1386; x_wconf 86' lang='lat' dir='ltr'>de·</span> <span class='ocrx_word' id='word_1_119' title='bbox 1049 1367 1050 1370; x_wconf 60' lang='lat'><em>=</em></span> 
     </span>
     <span class='ocr_line' id='line_1_18' title="bbox 192 1405 1050 1476; baseline -0.003 -18"><span class='ocrx_word' id='word_1_120' title='bbox 192 1407 350 1470; x_wconf 73' lang='lat' dir='ltr'>irriderent,</span> <span class='ocrx_word' id='word_1_121' title='bbox 361 1409 463 1460; x_wconf 74' lang='lat' dir='ltr'>,ducem</span> <span class='ocrx_word' id='word_1_122' title='bbox 476 1409 595 1476; x_wconf 86' lang='lat' dir='ltr'>aliquem</span> <span class='ocrx_word' id='word_1_123' title='bbox 607 1409 762 1475; x_wconf 86' lang='lat' dir='ltr'>requirunt,</span> <span class='ocrx_word' id='word_1_124' title='bbox 783 1421 866 1474; x_wconf 90' lang='lat' dir='ltr'>quem</span> <span class='ocrx_word' id='word_1_125' title='bbox 876 1405 998 1472; x_wconf 87' lang='lat' dir='ltr'>respice·</span> <span class='ocrx_word' id='word_1_126' title='bbox 1049 1425 1050 1432; x_wconf 48' lang='lat'>¹</span> 
     </span>
     <span class='ocr_line' id='line_1_19' title="bbox 193 1478 1050 1548; baseline -0.005 -20"><span class='ocrx_word' id='word_1_127' title='bbox 193 1484 269 1542; x_wconf 88' lang='lat' dir='ltr'>rent,</span> <span class='ocrx_word' id='word_1_128' title='bbox 290 1478 368 1530; x_wconf 89' lang='lat' dir='ltr'>cuins</span> <span class='ocrx_word' id='word_1_129' title='bbox 390 1481 558 1530; x_wconf 83' lang='lat' dir='ltr'>auctoritato</span> <span class='ocrx_word' id='word_1_130' title='bbox 578 1479 752 1545; x_wconf 87' lang='lat' dir='ltr'>imperioque</span> <span class='ocrx_word' id='word_1_131' title='bbox 771 1492 830 1528; x_wconf 90' lang='lat' dir='ltr'>rem</span> <span class='ocrx_word' id='word_1_132' title='bbox 853 1481 998 1543; x_wconf 82' lang='lat' dir='ltr'>gererent.</span> <span class='ocrx_word' id='word_1_133' title='bbox 1049 1491 1050 1548; x_wconf 27' lang='grc' dir='ltr'>ᾗ</span> 
     </span>
     <span class='ocr_line' id='line_1_20' title="bbox 192 1544 1050 1614; baseline -0.005 -16"><span class='ocrx_word' id='word_1_134' title='bbox 192 1548 246 1609; x_wconf 77' lang='lat' dir='ltr'>Qui</span> <span class='ocrx_word' id='word_1_135' title='bbox 263 1553 412 1614; x_wconf 80' lang='lat' dir='ltr'>postquam</span> <span class='ocrx_word' id='word_1_136' title='bbox 435 1548 691 1613; x_wconf 82' lang='lat' dir='ltr'>animadverterunt</span> <span class='ocrx_word' id='word_1_137' title='bbox 726 1549 864 1598; x_wconf 89' lang='lat' dir='ltr'>neminem</span> <span class='ocrx_word' id='word_1_138' title='bbox 879 1544 918 1596; x_wconf 90' lang='lat' dir='ltr'>ibi</span> <span class='ocrx_word' id='word_1_139' title='bbox 935 1559 1000 1596; x_wconf 84' lang='lat' dir='ltr'>esse</span> <span class='ocrx_word' id='word_1_140' title='bbox 1049 1583 1050 1606; x_wconf 67' lang='lat'>,</span> 
     </span>
     <span class='ocr_line' id='line_1_21' title="bbox 191 1613 1050 1736; baseline -0.002 -68"><span class='ocrx_word' id='word_1_141' title='bbox 191 1615 341 1736; x_wconf 83' lang='lat' dir='ltr'>praesidio,</span> <span class='ocrx_word' id='word_1_142' title='bbox 353 1617 499 1684; x_wconf 77' lang='lat' dir='ltr'>protinus,</span> <span class='ocrx_word' id='word_1_143' title='bbox 521 1618 605 1672; x_wconf 84' lang='lat' dir='ltr'>armis</span> <span class='ocrx_word' id='word_1_144' title='bbox 618 1619 746 1680; x_wconf 84' lang='lat' dir='ltr'>abiectis,</span> <span class='ocrx_word' id='word_1_145' title='bbox 766 1617 797 1667; x_wconf 90' lang='lat' dir='ltr'>in</span> <span class='ocrx_word' id='word_1_146' title='bbox 812 1617 890 1682; x_wconf 82' lang='lat' dir='ltr'>regia</span> <span class='ocrx_word' id='word_1_147' title='bbox 905 1618 1002 1666; x_wconf 85' lang='lat' dir='ltr'>eastra</span> <span class='ocrx_word' id='word_1_148' title='bbox 1049 1613 1050 1630; x_wconf 63' lang='lat'>¹</span> 
     </span>
     <span class='ocr_line' id='line_1_22' title="bbox 206 1687 1003 1755; baseline -0.001 -19"><span class='ocrx_word' id='word_1_149' title='bbox 206 1702 291 1754; x_wconf 81' lang='lat' dir='ltr'>ngare</span> <span class='ocrx_word' id='word_1_150' title='bbox 303 1687 483 1739; x_wconf 86' lang='lat' dir='ltr'>contendunt.</span> <span class='ocrx_word' id='word_1_151' title='bbox 520 1689 581 1752; x_wconf 78' lang='lat' dir='ltr'>Quo</span> <span class='ocrx_word' id='word_1_152' title='bbox 593 1693 738 1755; x_wconf 86' lang='lat' dir='ltr'>postquam</span> <span class='ocrx_word' id='word_1_153' title='bbox 751 1687 946 1752; x_wconf 84' lang='lat' dir='ltr'>pervenerunt,</span> <span class='ocrx_word' id='word_1_154' title='bbox 968 1700 1003 1736; x_wconf 91' lang='lat' dir='ltr'>ea</span> 
     </span>
     <span class='ocr_line' id='line_1_23' title="bbox 192 1755 1003 1823; baseline -0.001 -18"><span class='ocrx_word' id='word_1_155' title='bbox 192 1770 302 1823; x_wconf 87' lang='lat' dir='ltr'>quoque</span> <span class='ocrx_word' id='word_1_156' title='bbox 315 1758 349 1808; x_wconf 91' lang='lat' dir='ltr'>ab</span> <span class='ocrx_word' id='word_1_157' title='bbox 362 1757 477 1809; x_wconf 87' lang='lat' dir='ltr'>lnlianls</span> <span class='ocrx_word' id='word_1_158' title='bbox 489 1759 578 1810; x_wconf 88' lang='lat' dir='ltr'>teneri</span> <span class='ocrx_word' id='word_1_159' title='bbox 590 1758 694 1810; x_wconf 75' lang='lat' dir='ltr'>vitient.</span> <span class='ocrx_word' id='word_1_160' title='bbox 718 1757 886 1822; x_wconf 87' lang='lat' dir='ltr'>-Desperata</span> <span class='ocrx_word' id='word_1_161' title='bbox 896 1755 1003 1816; x_wconf 82' lang='lat' dir='ltr'>salute,</span> 
     </span>
     <span class='ocr_line' id='line_1_24' title="bbox 191 1817 1003 1897; baseline -0.004 -23"><span class='ocrx_word' id='word_1_162' title='bbox 191 1825 220 1874; x_wconf 91' lang='lat' dir='ltr'>in</span> <span class='ocrx_word' id='word_1_163' title='bbox 236 1825 356 1897; x_wconf 86' lang='lat' dir='ltr'>quodam</span> <span class='ocrx_word' id='word_1_164' title='bbox 373 1825 444 1876; x_wconf 90' lang='lat' dir='ltr'>colle</span> <span class='ocrx_word' id='word_1_165' title='bbox 461 1817 620 1879; x_wconf 75' lang='lat' dir='ltr'>consistunt</span> <span class='ocrx_word' id='word_1_166' title='bbox 640 1834 734 1896; x_wconf 87' lang='lat' dir='ltr'>atque,</span> <span class='ocrx_word' id='word_1_167' title='bbox 755 1827 840 1877; x_wconf 89' lang='lat' dir='ltr'>armis</span> <span class='ocrx_word' id='word_1_168' title='bbox 860 1825 1003 1885; x_wconf 80' lang='lat' dir='ltr'>demissis,</span> 
     </span>
     <span class='ocr_line' id='line_1_25' title="bbox 192 1893 1003 1959; baseline -0.002 -13"><span class='ocrx_word' id='word_1_169' title='bbox 192 1893 390 1946; x_wconf 84' lang='lat' dir='ltr'>salutationem</span> <span class='ocrx_word' id='word_1_170' title='bbox 403 1911 481 1948; x_wconf 88' lang='lat' dir='ltr'>more</span> <span class='ocrx_word' id='word_1_171' title='bbox 493 1897 608 1947; x_wconf 88' lang='lat' dir='ltr'>militari</span> <span class='ocrx_word' id='word_1_172' title='bbox 619 1897 735 1948; x_wconf 85' lang='lat' dir='ltr'>faciunt.</span> <span class='ocrx_word' id='word_1_173' title='bbox 770 1896 877 1959; x_wconf 77' lang='lat' dir='ltr'>Quibus</span> <span class='ocrx_word' id='word_1_174' title='bbox 889 1895 1003 1946; x_wconf 86' lang='lat' dir='ltr'>miseris</span> 
     </span>
     <span class='ocr_line' id='line_1_26' title="bbox 107 1965 1004 2034; baseline 0 -18"><span class='ocrx_word' id='word_1_175' title='bbox 107 1980 110 1987; x_wconf 91' lang='lat'>·</span> <span class='ocrx_word' id='word_1_176' title='bbox 192 1978 379 2031; x_wconf 76' lang='lat' dir='ltr'>maresparvo</span> <span class='ocrx_word' id='word_1_177' title='bbox 395 1965 536 2030; x_wconf 88' lang='lat' dir='ltr'>praesidio</span> <span class='ocrx_word' id='word_1_178' title='bbox 551 1965 613 2016; x_wconf 84' lang='lat' dir='ltr'>fnit.</span> <span class='ocrx_word' id='word_1_179' title='bbox 650 1967 776 2034; x_wconf 83' lang='lat' dir='ltr'>Namque</span> <span class='ocrx_word' id='word_1_180' title='bbox 797 1965 902 2015; x_wconf 86' lang='lat' dir='ltr'>milites</span> <span class='ocrx_word' id='word_1_181' title='bbox 923 1967 1004 2016; x_wconf 79' lang='lat' dir='ltr'><strong>vete·</strong></span> 
     </span>
     <span class='ocr_line' id='line_1_27' title="bbox 192 2034 1004 2100; baseline 0 -14"><span class='ocrx_word' id='word_1_182' title='bbox 192 2035 263 2095; x_wconf 86' lang='lat' dir='ltr'>rani,</span> <span class='ocrx_word' id='word_1_183' title='bbox 284 2035 328 2087; x_wconf 92' lang='lat' dir='ltr'>ira</span> <span class='ocrx_word' id='word_1_184' title='bbox 339 2038 369 2085; x_wconf 89' lang='lat' dir='ltr'>et</span> <span class='ocrx_word' id='word_1_185' title='bbox 379 2034 476 2086; x_wconf 91' lang='lat' dir='ltr'>dolore</span> <span class='ocrx_word' id='word_1_186' title='bbox 488 2037 607 2099; x_wconf 84' lang='lat' dir='ltr'>incensi,</span> <span class='ocrx_word' id='word_1_187' title='bbox 628 2047 683 2088; x_wconf 88' lang='lat' dir='ltr'>non</span> <span class='ocrx_word' id='word_1_188' title='bbox 696 2037 787 2097; x_wconf 88' lang='lat' dir='ltr'>modo,</span> <span class='ocrx_word' id='word_1_189' title='bbox 808 2039 840 2084; x_wconf 91' lang='lat' dir='ltr'>ut</span> <span class='ocrx_word' id='word_1_190' title='bbox 851 2043 1004 2100; x_wconf 78' lang='lat' dir='ltr'>parcerent</span> 
     </span>
     <span class='ocr_line' id='line_1_28' title="bbox 192 2104 1002 2170; baseline -0.005 -13"><span class='ocrx_word' id='word_1_191' title='bbox 192 2104 278 2167; x_wconf 83' lang='lat' dir='ltr'>busti,</span> <span class='ocrx_word' id='word_1_192' title='bbox 290 2120 344 2156; x_wconf 91' lang='lat' dir='ltr'>non</span> <span class='ocrx_word' id='word_1_193' title='bbox 356 2110 488 2170; x_wconf 88' lang='lat' dir='ltr'>poterant</span> <span class='ocrx_word' id='word_1_194' title='bbox 499 2105 608 2168; x_wconf 81' lang='lat' dir='ltr'>adduci,</span> <span class='ocrx_word' id='word_1_195' title='bbox 625 2107 674 2158; x_wconf 91' lang='lat' dir='ltr'>sed</span> <span class='ocrx_word' id='word_1_196' title='bbox 686 2108 770 2158; x_wconf 86' lang='lat' dir='ltr'>etiam</span> <span class='ocrx_word' id='word_1_197' title='bbox 784 2119 818 2156; x_wconf 88' lang='lat' dir='ltr'>ex</span> <span class='ocrx_word' id='word_1_198' title='bbox 830 2119 880 2155; x_wconf 92' lang='lat' dir='ltr'>suo</span> <span class='ocrx_word' id='word_1_199' title='bbox 893 2106 1002 2155; x_wconf 69' lang='lat' dir='ltr'>exer-ci</span> 
     </span>
     <span class='ocr_line' id='line_1_29' title="bbox 192 2175 1012 2243; baseline -0.005 -17"><span class='ocrx_word' id='word_1_200' title='bbox 192 2184 223 2226; x_wconf 89' lang='lat' dir='ltr'>tn</span> <span class='ocrx_word' id='word_1_201' title='bbox 234 2176 359 2227; x_wconf 86' lang='lat' dir='ltr'>illustres</span> <span class='ocrx_word' id='word_1_202' title='bbox 367 2176 497 2239; x_wconf 85' lang='lat' dir='ltr'>urbanos,</span> <span class='ocrx_word' id='word_1_203' title='bbox 509 2191 578 2243; x_wconf 90' lang='lat' dir='ltr'>quos</span> <span class='ocrx_word' id='word_1_204' title='bbox 591 2182 719 2228; x_wconf 88' lang='lat' dir='ltr'>unctores</span> <span class='ocrx_word' id='word_1_205' title='bbox 731 2175 917 2240; x_wconf 89' lang='lat' dir='ltr'>adpellabant,</span> <span class='ocrx_word' id='word_1_206' title='bbox 928 2179 1012 2224; x_wconf 69' lang='lat' dir='ltr'>com:</span> 
     </span>
     <span class='ocr_line' id='line_1_30' title="bbox 191 2245 1002 2314; baseline -0.005 -18"><span class='ocrx_word' id='word_1_207' title='bbox 191 2246 286 2314; x_wconf 88' lang='lat' dir='ltr'>plures</span> <span class='ocrx_word' id='word_1_208' title='bbox 298 2251 347 2296; x_wconf 87' lang='lat' dir='ltr'>aut</span> <span class='ocrx_word' id='word_1_209' title='bbox 355 2245 547 2308; x_wconf 86' lang='lat' dir='ltr'>vulnerarunt,</span> <span class='ocrx_word' id='word_1_210' title='bbox 559 2253 608 2296; x_wconf 86' lang='lat' dir='ltr'>aut</span> <span class='ocrx_word' id='word_1_211' title='bbox 617 2246 833 2298; x_wconf 78' lang='lat' dir='ltr'>interfecerunt:</span> <span class='ocrx_word' id='word_1_212' title='bbox 845 2245 939 2311; x_wconf 91' lang='lat' dir='ltr'>inquo</span> <span class='ocrx_word' id='word_1_213' title='bbox 951 2258 1002 2293; x_wconf 92' lang='lat' dir='ltr'>nn-</span> 
     </span>
     <span class='ocr_line' id='line_1_31' title="bbox 192 2313 1001 2386; baseline -0.004 -20"><span class='ocrx_word' id='word_1_214' title='bbox 192 2331 270 2367; x_wconf 86' lang='lat' dir='ltr'>mero</span> <span class='ocrx_word' id='word_1_215' title='bbox 281 2314 451 2370; x_wconf 79' lang='lat' dir='ltr'>luitTullins</span> <span class='ocrx_word' id='word_1_216' title='bbox 463 2314 561 2379; x_wconf 83' lang='lat' dir='ltr'>Rufus,</span> <span class='ocrx_word' id='word_1_217' title='bbox 573 2316 762 2384; x_wconf 88' lang='lat' dir='ltr'>quaestorius,</span> <span class='ocrx_word' id='word_1_218' title='bbox 774 2315 829 2380; x_wconf 92' lang='lat' dir='ltr'>qni,</span> <span class='ocrx_word' id='word_1_219' title='bbox 839 2313 897 2386; x_wconf 85' lang='lat' dir='ltr'>pilo</span> <span class='ocrx_word' id='word_1_220' title='bbox 908 2319 1001 2364; x_wconf 82' lang='lat' dir='ltr'>trans·</span> 
     </span>
     <span class='ocr_line' id='line_1_32' title="bbox 191 2383 1002 2450; baseline -0.004 -16"><span class='ocrx_word' id='word_1_221' title='bbox 191 2385 279 2437; x_wconf 85' lang='lat' dir='ltr'>iectus</span> <span class='ocrx_word' id='word_1_222' title='bbox 290 2385 418 2436; x_wconf 90' lang='lat' dir='ltr'>consulto</span> <span class='ocrx_word' id='word_1_223' title='bbox 430 2401 446 2436; x_wconf 92' lang='lat' dir='ltr'>a</span> <span class='ocrx_word' id='word_1_224' title='bbox 457 2385 556 2447; x_wconf 86' lang='lat' dir='ltr'>milite,</span> <span class='ocrx_word' id='word_1_225' title='bbox 567 2387 686 2437; x_wconf 88' lang='lat' dir='ltr'>interiit:</span> <span class='ocrx_word' id='word_1_226' title='bbox 705 2386 773 2437; x_wconf 89' lang='lat' dir='ltr'>item</span> <span class='ocrx_word' id='word_1_227' title='bbox 785 2385 934 2450; x_wconf 87' lang='lat' dir='ltr'>Pompeius</span> <span class='ocrx_word' id='word_1_228' title='bbox 945 2383 1002 2432; x_wconf 80' lang='lat' dir='ltr'>llu-</span> 
     </span>
     <span class='ocr_line' id='line_1_33' title="bbox 191 2451 1001 2522; baseline 0 -18"><span class='ocrx_word' id='word_1_229' title='bbox 191 2453 246 2516; x_wconf 84' lang='lat' dir='ltr'>lus,</span> <span class='ocrx_word' id='word_1_230' title='bbox 258 2453 398 2505; x_wconf 82' lang='lat' dir='ltr'>brachium</span> <span class='ocrx_word' id='word_1_231' title='bbox 411 2455 505 2520; x_wconf 82' lang='lat' dir='ltr'>gladio</span> <span class='ocrx_word' id='word_1_232' title='bbox 517 2466 674 2522; x_wconf 87' lang='lat' dir='ltr'>percussus,</span> <span class='ocrx_word' id='word_1_233' title='bbox 686 2456 741 2506; x_wconf 90' lang='lat' dir='ltr'>nisi</span> <span class='ocrx_word' id='word_1_234' title='bbox 752 2451 924 2507; x_wconf 84' lang='lat' dir='ltr'>celeriterad</span> <span class='ocrx_word' id='word_1_235' title='bbox 932 2453 1001 2504; x_wconf 81' lang='lat' dir='ltr'>Cae·</span> 
     </span>
     <span class='ocr_line' id='line_1_34' title="bbox 190 2521 1050 2586; baseline 0 -14"><span class='ocrx_word' id='word_1_236' title='bbox 190 2538 283 2574; x_wconf 87' lang='lat' dir='ltr'>sarem</span> <span class='ocrx_word' id='word_1_237' title='bbox 303 2523 517 2586; x_wconf 77' lang='lat' dir='ltr'>adorram-risset,</span> <span class='ocrx_word' id='word_1_238' title='bbox 537 2524 703 2577; x_wconf 83' lang='lat' dir='ltr'>interfectus</span> <span class='ocrx_word' id='word_1_239' title='bbox 725 2530 807 2575; x_wconf 86' lang='lat' dir='ltr'>esset.</span> <span class='ocrx_word' id='word_1_240' title='bbox 847 2521 999 2580; x_wconf 76' lang='lat' dir='ltr'>Quofacto</span> <span class='ocrx_word' id='word_1_241' title='bbox 1049 2547 1050 2586; x_wconf 59' lang='lat' dir='ltr'>r</span> 
     </span>
     <span class='ocr_line' id='line_1_35' title="bbox 190 2593 1001 2661; baseline 0.001 -21"><span class='ocrx_word' id='word_1_242' title='bbox 190 2593 347 2658; x_wconf 82' lang='lat' dir='ltr'>complures</span> <span class='ocrx_word' id='word_1_243' title='bbox 369 2593 478 2657; x_wconf 84' lang='lat' dir='ltr'>equitas</span> <span class='ocrx_word' id='word_1_244' title='bbox 496 2593 614 2644; x_wconf 84' lang='lat' dir='ltr'>Romani</span> <span class='ocrx_word' id='word_1_245' title='bbox 634 2599 834 2661; x_wconf 86' lang='lat' dir='ltr'>senatoresque</span> <span class='ocrx_word' id='word_1_246' title='bbox 853 2599 1001 2659; x_wconf 77' lang='lat' dir='ltr'>perterriti</span> 
     </span>
     <span class='ocr_line' id='line_1_36' title="bbox 190 2661 1000 2730; baseline 0.004 -22"><span class='ocrx_word' id='word_1_247' title='bbox 190 2673 224 2726; x_wconf 66' lang='lat'>⁸¹,</span> <span class='ocrx_word' id='word_1_248' title='bbox 234 2661 342 2724; x_wconf 89' lang='lat' dir='ltr'>proelio</span> <span class='ocrx_word' id='word_1_249' title='bbox 354 2674 384 2710; x_wconf 89' lang='lat' dir='ltr'>se</span> <span class='ocrx_word' id='word_1_250' title='bbox 397 2670 571 2726; x_wconf 86' lang='lat' dir='ltr'>receperunt,</span> <span class='ocrx_word' id='word_1_251' title='bbox 583 2676 618 2713; x_wconf 89' lang='lat' dir='ltr'>ne</span> <span class='ocrx_word' id='word_1_252' title='bbox 630 2679 647 2712; x_wconf 87' lang='lat' dir='ltr'>a</span> <span class='ocrx_word' id='word_1_253' title='bbox 658 2663 807 2727; x_wconf 83' lang='lat' dir='ltr'>militibus,</span> <span class='ocrx_word' id='word_1_254' title='bbox 815 2666 861 2730; x_wconf 91' lang='lat' dir='ltr'>qni</span> <span class='ocrx_word' id='word_1_255' title='bbox 872 2677 907 2713; x_wconf 84' lang='lat' dir='ltr'>ex</span> <span class='ocrx_word' id='word_1_256' title='bbox 918 2667 1000 2712; x_wconf 86' lang='lat' dir='ltr'>tanta</span> 
     </span>
     <span class='ocr_line' id='line_1_37' title="bbox 189 2727 999 2799; baseline 0.006 -22"><span class='ocrx_word' id='word_1_257' title='bbox 189 2727 459 2779; x_wconf 61' lang='lat' dir='ltr'>victoria&#39;licentiarn</span> <span class='ocrx_word' id='word_1_258' title='bbox 466 2729 519 2780; x_wconf 88' lang='lat' dir='ltr'>sibi</span> <span class='ocrx_word' id='word_1_259' title='bbox 528 2729 732 2784; x_wconf 74' lang='lat' dir='ltr'>absumsissent</span> <span class='ocrx_word' id='word_1_260' title='bbox 741 2733 925 2785; x_wconf 84' lang='lat' dir='ltr'>immoderate</span> <span class='ocrx_word' id='word_1_261' title='bbox 935 2746 999 2799; x_wconf 84' lang='lat' dir='ltr'>pec·</span> 
     </span>
    </p>
   </div>
   <div class='ocr_carea' id='block_1_3' title="bbox 0 0 1077 3148">
    <p class='ocr_par' dir='ltr' id='par_1_3' title="bbox 0 0 1077 3148">
     <span class='ocr_line' id='line_1_38' title="bbox 0 0 1077 3148; baseline 0 0"><span class='ocrx_word' id='word_1_262' title='bbox 0 0 1077 3148; x_wconf 95' lang='lat' dir='ltr'> </span> 
     </span>
    </p>
   </div>
  </div>
 </body>
</html>
