<?xml version="1.0" encoding="UTF-8"?>
<!DOCTYPE html PUBLIC "-//W3C//DTD XHTML 1.0 Transitional//EN"
    "http://www.w3.org/TR/xhtml1/DTD/xhtml1-transitional.dtd">
<html xmlns="http://www.w3.org/1999/xhtml" xml:lang="en" lang="en">
 <head>
  <title>
</title>
<meta http-equiv="Content-Type" content="text/html;charset=utf-8" />
  <meta name='ocr-system' content='tesseract 3.04.00' />
  <meta name='ocr-capabilities' content='ocr_page ocr_carea ocr_par ocr_line ocrx_word'/>
</head>
<body>
  <div class='ocr_page' id='page_1' title='image "./cjuliicaesarisc05caesgoog_0125.png"; bbox 0 0 2152 3132; ppageno 0'>
   <div class='ocr_carea' id='block_1_1' title="bbox 275 200 883 260">
    <p class='ocr_par' dir='ltr' id='par_1_1' title="bbox 275 200 883 260">
     <span class='ocr_line' id='line_1_1' title="bbox 275 200 883 260; baseline 0.016 -11"><span class='ocrx_word' id='word_1_1' title='bbox 275 221 280 230; x_wconf 92' lang='lat'><em>·</em></span> <span class='ocrx_word' id='word_1_2' title='bbox 365 200 519 253; x_wconf 81' lang='lat' dir='ltr'>LlllEll</span> <span class='ocrx_word' id='word_1_3' title='bbox 553 203 588 256; x_wconf 77' lang='lat' dir='ltr'>V.</span> <span class='ocrx_word' id='word_1_4' title='bbox 833 205 883 260; x_wconf 75' lang='lat' dir='ltr'>tlt</span> 
     </span>
    </p>
   </div>
   <div class='ocr_carea' id='block_1_2' title="bbox 89 303 883 446">
    <p class='ocr_par' dir='ltr' id='par_1_2' title="bbox 89 303 883 446">
     <span class='ocr_line' id='line_1_2' title="bbox 149 303 881 372; baseline 0.01 -15"><span class='ocrx_word' id='word_1_5' title='bbox 149 304 209 357; x_wconf 87' lang='lat' dir='ltr'>bat.</span> <span class='ocrx_word' id='word_1_6' title='bbox 254 303 341 358; x_wconf 80' lang='lat' dir='ltr'><strong>Venit</strong></span> <span class='ocrx_word' id='word_1_7' title='bbox 361 307 471 372; x_wconf 59' lang='lat' dir='ltr'>mam</span> <span class='ocrx_word' id='word_1_8' title='bbox 492 306 642 360; x_wconf 76' lang='lat' dir='ltr'>itineribus</span> <span class='ocrx_word' id='word_1_9' title='bbox 662 309 692 359; x_wconf 93' lang='lat' dir='ltr'>iu</span> <span class='ocrx_word' id='word_1_10' title='bbox 712 307 881 364; x_wconf 70' lang='lat' dir='ltr'>Nerviorum</span> 
     </span>
     <span class='ocr_line' id='line_1_3' title="bbox 89 373 883 446; baseline 0.008 -20"><span class='ocrx_word' id='word_1_11' title='bbox 89 390 157 428; x_wconf 83' lang='lat' dir='ltr'>nes.</span> <span class='ocrx_word' id='word_1_12' title='bbox 193 373 233 425; x_wconf 90' lang='lat' dir='ltr'>lbi</span> <span class='ocrx_word' id='word_1_13' title='bbox 245 389 280 426; x_wconf 83' lang='lat' dir='ltr'>ex</span> <span class='ocrx_word' id='word_1_14' title='bbox 290 375 407 441; x_wconf 73' lang='lat' dir='ltr'>captivis</span> <span class='ocrx_word' id='word_1_15' title='bbox 422 377 582 443; x_wconf 74' lang='lat' dir='ltr'>cognoscit,</span> <span class='ocrx_word' id='word_1_16' title='bbox 604 392 676 445; x_wconf 82' lang='lat' dir='ltr'>quae</span> <span class='ocrx_word' id='word_1_17' title='bbox 687 379 762 446; x_wconf 86' lang='lat' dir='ltr'>apud</span> <span class='ocrx_word' id='word_1_18' title='bbox 773 379 883 432; x_wconf 79' lang='lat' dir='ltr'>cicero-</span> 
     </span>
    </p>
   </div>
   <div class='ocr_carea' id='block_1_3' title="bbox 67 446 943 1772">
    <p class='ocr_par' dir='ltr' id='par_1_3' title="bbox 67 446 884 1632">
     <span class='ocr_line' id='line_1_4' title="bbox 68 446 882 514; baseline 0.01 -18"><span class='ocrx_word' id='word_1_19' title='bbox 68 460 138 497; x_wconf 86' lang='lat' dir='ltr'>nem</span> <span class='ocrx_word' id='word_1_20' title='bbox 151 449 302 512; x_wconf 80' lang='lat' dir='ltr'><strong>gerantur,</strong></span> <span class='ocrx_word' id='word_1_21' title='bbox 318 450 477 513; x_wconf 85' lang='lat' dir='ltr'>quantoque</span> <span class='ocrx_word' id='word_1_22' title='bbox 490 446 520 496; x_wconf 91' lang='lat' dir='ltr'>in</span> <span class='ocrx_word' id='word_1_23' title='bbox 531 447 657 514; x_wconf 85' lang='lat' dir='ltr'>periculo</span> <span class='ocrx_word' id='word_1_24' title='bbox 670 463 715 500; x_wconf 78' lang='lat' dir='ltr'>roa</span> <span class='ocrx_word' id='word_1_25' title='bbox 726 449 773 500; x_wconf 79' lang='lat' dir='ltr'>rit.</span> <span class='ocrx_word' id='word_1_26' title='bbox 807 450 882 504; x_wconf 84' lang='lat' dir='ltr'>&#39;l&#39;um</span> 
     </span>
     <span class='ocr_line' id='line_1_5' title="bbox 68 513 883 585; baseline 0.006 -19"><span class='ocrx_word' id='word_1_27' title='bbox 68 513 186 566; x_wconf 77' lang='lat' dir='ltr'>criidnm</span> <span class='ocrx_word' id='word_1_28' title='bbox 198 527 235 564; x_wconf 85' lang='lat' dir='ltr'>ex</span> <span class='ocrx_word' id='word_1_29' title='bbox 250 515 389 581; x_wconf 79' lang='lat' dir='ltr'>equitibus</span> <span class='ocrx_word' id='word_1_30' title='bbox 400 514 490 567; x_wconf 79' lang='lat' dir='ltr'>Gallis</span> <span class='ocrx_word' id='word_1_31' title='bbox 501 518 610 583; x_wconf 77' lang='lat' dir='ltr'>mugnis</span> <span class='ocrx_word' id='word_1_32' title='bbox 625 519 757 585; x_wconf 75' lang='lat' dir='ltr'>praemiis</span> <span class='ocrx_word' id='word_1_33' title='bbox 768 533 883 584; x_wconf 75' lang='lat' dir='ltr'>persua·</span> 
     </span>
     <span class='ocr_line' id='line_1_6' title="bbox 67 583 883 651; baseline 0.006 -15"><span class='ocrx_word' id='word_1_34' title='bbox 67 585 130 646; x_wconf 85' lang='lat' dir='ltr'>det,</span> <span class='ocrx_word' id='word_1_35' title='bbox 144 585 186 635; x_wconf 88' lang='lat' dir='ltr'>uti</span> <span class='ocrx_word' id='word_1_36' title='bbox 198 583 233 634; x_wconf 85' lang='lat' dir='ltr'>ad</span> <span class='ocrx_word' id='word_1_37' title='bbox 239 585 401 636; x_wconf 77' lang='lat' dir='ltr'>Ciceronem</span> <span class='ocrx_word' id='word_1_38' title='bbox 413 585 562 651; x_wconf 74' lang='lat' dir='ltr'>epistolam</span> <span class='ocrx_word' id='word_1_39' title='bbox 574 586 693 638; x_wconf 83' lang='lat' dir='ltr'>deierat.</span> <span class='ocrx_word' id='word_1_40' title='bbox 709 588 883 642; x_wconf 65' lang='lat' dir='ltr'>nanneno.</span> 
     </span>
     <span class='ocr_line' id='line_1_7' title="bbox 68 654 883 724; baseline 0.006 -19"><span class='ocrx_word' id='word_1_41' title='bbox 68 654 315 720; x_wconf 63' lang='lat' dir='ltr'>circonscriptam</span> <span class='ocrx_word' id='word_1_42' title='bbox 327 655 431 706; x_wconf 83' lang='lat' dir='ltr'>litteris</span> <span class='ocrx_word' id='word_1_43' title='bbox 442 656 538 718; x_wconf 86' lang='lat' dir='ltr'>mittit,</span> <span class='ocrx_word' id='word_1_44' title='bbox 553 671 599 719; x_wconf 88' lang='lat' dir='ltr'>ne,</span> <span class='ocrx_word' id='word_1_45' title='bbox 610 659 768 724; x_wconf 86' lang='lat' dir='ltr'>interceptu</span> <span class='ocrx_word' id='word_1_46' title='bbox 779 661 883 724; x_wconf 81' lang='lat' dir='ltr'>episto·</span> 
     </span>
     <span class='ocr_line' id='line_1_8' title="bbox 69 721 883 794; baseline 0.007 -20"><span class='ocrx_word' id='word_1_47' title='bbox 69 723 108 786; x_wconf 83' lang='lat' dir='ltr'>la,</span> <span class='ocrx_word' id='word_1_48' title='bbox 118 728 222 775; x_wconf 71' lang='lat' dir='ltr'>nostra</span> <span class='ocrx_word' id='word_1_49' title='bbox 232 723 267 776; x_wconf 90' lang='lat' dir='ltr'>ab</span> <span class='ocrx_word' id='word_1_50' title='bbox 277 721 405 775; x_wconf 74' lang='lat' dir='ltr'>hostibus</span> <span class='ocrx_word' id='word_1_51' title='bbox 416 725 534 776; x_wconf 84' lang='lat' dir='ltr'>consilia</span> <span class='ocrx_word' id='word_1_52' title='bbox 543 733 759 794; x_wconf 79' lang='lat' dir='ltr'>cognoscantur.</span> <span class='ocrx_word' id='word_1_53' title='bbox 795 727 883 780; x_wconf 78' lang='lat' dir='ltr'>Siud-</span> 
     </span>
     <span class='ocr_line' id='line_1_9' title="bbox 68 795 883 865; baseline 0.01 -21"><span class='ocrx_word' id='word_1_54' title='bbox 68 796 113 844; x_wconf 89' lang='lat' dir='ltr'>ire</span> <span class='ocrx_word' id='word_1_55' title='bbox 125 808 184 843; x_wconf 91' lang='lat' dir='ltr'>non</span> <span class='ocrx_word' id='word_1_56' title='bbox 196 795 292 860; x_wconf 78' lang='lat' dir='ltr'>possit,</span> <span class='ocrx_word' id='word_1_57' title='bbox 304 799 406 858; x_wconf 88' lang='lat' dir='ltr'>mouet,</span> <span class='ocrx_word' id='word_1_58' title='bbox 422 799 454 845; x_wconf 93' lang='lat' dir='ltr'>ut</span> <span class='ocrx_word' id='word_1_59' title='bbox 465 795 603 863; x_wconf 76' lang='lat' dir='ltr'><strong>tragulam</strong></span> <span class='ocrx_word' id='word_1_60' title='bbox 614 811 675 848; x_wconf 85' lang='lat' dir='ltr'>cum</span> <span class='ocrx_word' id='word_1_61' title='bbox 687 798 823 865; x_wconf 79' lang='lat' dir='ltr'>epistola,</span> <span class='ocrx_word' id='word_1_62' title='bbox 844 798 883 852; x_wconf 77' lang='lat' dir='ltr'>ad</span> 
     </span>
     <span class='ocr_line' id='line_1_10' title="bbox 71 863 883 930; baseline 0.002 -16"><span class='ocrx_word' id='word_1_63' title='bbox 71 869 216 914; x_wconf 71' lang='lat' dir='ltr'>autentum</span> <span class='ocrx_word' id='word_1_64' title='bbox 229 863 361 930; x_wconf 73' lang='lat' dir='ltr'>deligata,</span> <span class='ocrx_word' id='word_1_65' title='bbox 381 866 458 915; x_wconf 90' lang='lat' dir='ltr'>intra</span> <span class='ocrx_word' id='word_1_66' title='bbox 467 867 636 918; x_wconf 76' lang='lat' dir='ltr'>munitiones</span> <span class='ocrx_word' id='word_1_67' title='bbox 647 873 804 925; x_wconf 75' lang='lat' dir='ltr'>castrorum</span> <span class='ocrx_word' id='word_1_68' title='bbox 816 867 883 919; x_wconf 81' lang='lat' dir='ltr'>abii.</span> 
     </span>
     <span class='ocr_line' id='line_1_11' title="bbox 71 931 883 1005; baseline 0.005 -19"><span class='ocrx_word' id='word_1_69' title='bbox 71 935 138 986; x_wconf 84' lang='lat' dir='ltr'>ciat.</span> <span class='ocrx_word' id='word_1_70' title='bbox 171 931 202 984; x_wconf 92' lang='lat' dir='ltr'>ln</span> <span class='ocrx_word' id='word_1_71' title='bbox 214 932 316 984; x_wconf 77' lang='lat' dir='ltr'>litteris</span> <span class='ocrx_word' id='word_1_72' title='bbox 326 935 431 996; x_wconf 72' lang='lat' dir='ltr'>scribit,</span> <span class='ocrx_word' id='word_1_73' title='bbox 441 950 472 986; x_wconf 83' lang='lat' dir='ltr'>ae</span> <span class='ocrx_word' id='word_1_74' title='bbox 484 951 546 986; x_wconf 88' lang='lat' dir='ltr'>cum</span> <span class='ocrx_word' id='word_1_75' title='bbox 560 936 714 1004; x_wconf 73' lang='lat' dir='ltr'>legionibus</span> <span class='ocrx_word' id='word_1_76' title='bbox 725 937 883 1005; x_wconf 80' lang='lat' dir='ltr'>profectum</span> 
     </span>
     <span class='ocr_line' id='line_1_12' title="bbox 71 1002 882 1072; baseline 0.007 -18"><span class='ocrx_word' id='word_1_77' title='bbox 71 1002 207 1071; x_wconf 73' lang='lat' dir='ltr'>celeriter</span> <span class='ocrx_word' id='word_1_78' title='bbox 219 1002 329 1056; x_wconf 80' lang='lat' dir='ltr'>adfore:</span> <span class='ocrx_word' id='word_1_79' title='bbox 347 1002 485 1068; x_wconf 83' lang='lat' dir='ltr'>hortatur,</span> <span class='ocrx_word' id='word_1_80' title='bbox 497 1013 528 1057; x_wconf 90' lang='lat' dir='ltr'>ut</span> <span class='ocrx_word' id='word_1_81' title='bbox 539 1009 683 1072; x_wconf 74' lang='lat' dir='ltr'>pristinam</span> <span class='ocrx_word' id='word_1_82' title='bbox 694 1010 825 1062; x_wconf 71' lang='lat' dir='ltr'>virtutem</span> <span class='ocrx_word' id='word_1_83' title='bbox 839 1025 882 1060; x_wconf 87' lang='lat' dir='ltr'>re·</span> 
     </span>
     <span class='ocr_line' id='line_1_13' title="bbox 72 1071 884 1148; baseline 0.011 -25"><span class='ocrx_word' id='word_1_84' title='bbox 72 1075 173 1124; x_wconf 79' lang='lat' dir='ltr'>tinent.</span> <span class='ocrx_word' id='word_1_85' title='bbox 210 1071 323 1138; x_wconf 75' lang='lat' dir='ltr'>Gallus,</span> <span class='ocrx_word' id='word_1_86' title='bbox 343 1075 497 1140; x_wconf 83' lang='lat' dir='ltr'>periculum</span> <span class='ocrx_word' id='word_1_87' title='bbox 512 1078 630 1140; x_wconf 74' lang='lat' dir='ltr'>veritus,</span> <span class='ocrx_word' id='word_1_88' title='bbox 652 1085 685 1129; x_wconf 89' lang='lat' dir='ltr'>ut</span> <span class='ocrx_word' id='word_1_89' title='bbox 698 1086 760 1131; x_wconf 87' lang='lat' dir='ltr'>erat</span> <span class='ocrx_word' id='word_1_90' title='bbox 770 1094 884 1148; x_wconf 79' lang='lat' dir='ltr'>praece·</span> 
     </span>
     <span class='ocr_line' id='line_1_14' title="bbox 72 1143 871 1210; baseline 0.011 -18"><span class='ocrx_word' id='word_1_91' title='bbox 72 1149 161 1210; x_wconf 90' lang='lat' dir='ltr'>ptum,</span> <span class='ocrx_word' id='word_1_92' title='bbox 172 1143 312 1210; x_wconf 75' lang='lat' dir='ltr'>tragulam</span> <span class='ocrx_word' id='word_1_93' title='bbox 324 1145 418 1195; x_wconf 89' lang='lat' dir='ltr'>mittit.</span> <span class='ocrx_word' id='word_1_94' title='bbox 454 1145 611 1198; x_wconf 81' lang='lat' dir='ltr'>llaeccasu</span> <span class='ocrx_word' id='word_1_95' title='bbox 621 1148 657 1198; x_wconf 87' lang='lat' dir='ltr'>ad</span> <span class='ocrx_word' id='word_1_96' title='bbox 667 1151 768 1200; x_wconf 86' lang='lat' dir='ltr'>turrim</span> <span class='ocrx_word' id='word_1_97' title='bbox 781 1149 871 1201; x_wconf 75' lang='lat' dir='ltr'>adilae</span> 
     </span>
     <span class='ocr_line' id='line_1_15' title="bbox 72 1213 883 1281; baseline 0.01 -18"><span class='ocrx_word' id='word_1_98' title='bbox 72 1215 119 1275; x_wconf 84' lang='lat' dir='ltr'>ait,</span> <span class='ocrx_word' id='word_1_99' title='bbox 135 1228 226 1281; x_wconf 85' lang='lat' dir='ltr'>neque</span> <span class='ocrx_word' id='word_1_100' title='bbox 237 1215 272 1264; x_wconf 89' lang='lat' dir='ltr'>ab</span> <span class='ocrx_word' id='word_1_101' title='bbox 284 1215 388 1266; x_wconf 79' lang='lat' dir='ltr'>noatria</span> <span class='ocrx_word' id='word_1_102' title='bbox 398 1213 483 1266; x_wconf 90' lang='lat' dir='ltr'>biduo</span> <span class='ocrx_word' id='word_1_103' title='bbox 494 1217 695 1280; x_wconf 74' lang='lat' dir='ltr'>animadversa,</span> <span class='ocrx_word' id='word_1_104' title='bbox 711 1221 796 1270; x_wconf 80' lang='lat' dir='ltr'>tertio</span> <span class='ocrx_word' id='word_1_105' title='bbox 808 1218 853 1269; x_wconf 86' lang='lat' dir='ltr'>die</span> <span class='ocrx_word' id='word_1_106' title='bbox 863 1235 883 1271; x_wconf 91' lang='lat' dir='ltr'>u</span> 
     </span>
     <span class='ocr_line' id='line_1_16' title="bbox 73 1283 883 1351; baseline 0.009 -19"><span class='ocrx_word' id='word_1_107' title='bbox 73 1283 196 1350; x_wconf 84' lang='lat' dir='ltr'>quodam</span> <span class='ocrx_word' id='word_1_108' title='bbox 209 1283 297 1336; x_wconf 86' lang='lat' dir='ltr'>milite</span> <span class='ocrx_word' id='word_1_109' title='bbox 308 1285 491 1351; x_wconf 78' lang='lat' dir='ltr'>conspicitur3</span> <span class='ocrx_word' id='word_1_110' title='bbox 508 1285 602 1338; x_wconf 87' lang='lat' dir='ltr'>demta</span> <span class='ocrx_word' id='word_1_111' title='bbox 612 1286 648 1337; x_wconf 91' lang='lat' dir='ltr'>ad</span> <span class='ocrx_word' id='word_1_112' title='bbox 661 1289 822 1339; x_wconf 81' lang='lat' dir='ltr'>Ciceronem</span> <span class='ocrx_word' id='word_1_113' title='bbox 835 1287 883 1339; x_wconf 83' lang='lat' dir='ltr'>de-</span> 
     </span>
     <span class='ocr_line' id='line_1_17' title="bbox 75 1351 884 1420; baseline 0.004 -17"><span class='ocrx_word' id='word_1_114' title='bbox 75 1351 175 1404; x_wconf 81' lang='lat' dir='ltr'>fertur.</span> <span class='ocrx_word' id='word_1_115' title='bbox 210 1352 260 1405; x_wconf 90' lang='lat' dir='ltr'>llle</span> <span class='ocrx_word' id='word_1_116' title='bbox 276 1353 427 1420; x_wconf 85' lang='lat' dir='ltr'>perlectam</span> <span class='ocrx_word' id='word_1_117' title='bbox 439 1355 467 1404; x_wconf 89' lang='lat' dir='ltr'>iu</span> <span class='ocrx_word' id='word_1_118' title='bbox 479 1362 616 1407; x_wconf 84' lang='lat' dir='ltr'>conventu</span> <span class='ocrx_word' id='word_1_119' title='bbox 633 1355 754 1407; x_wconf 87' lang='lat' dir='ltr'>militum</span> <span class='ocrx_word' id='word_1_120' title='bbox 771 1358 884 1420; x_wconf 82' lang='lat' dir='ltr'>recitat,</span> 
     </span>
     <span class='ocr_line' id='line_1_18' title="bbox 76 1423 883 1490; baseline 0.007 -18"><span class='ocrx_word' id='word_1_121' title='bbox 76 1423 250 1490; x_wconf 79' lang='lat' dir='ltr'>maximaque</span> <span class='ocrx_word' id='word_1_122' title='bbox 262 1437 357 1475; x_wconf 76' lang='lat' dir='ltr'>omnen</span> <span class='ocrx_word' id='word_1_123' title='bbox 369 1423 477 1476; x_wconf 87' lang='lat' dir='ltr'>laetitia</span> <span class='ocrx_word' id='word_1_124' title='bbox 486 1424 589 1476; x_wconf 87' lang='lat' dir='ltr'>adiicit.</span> <span class='ocrx_word' id='word_1_125' title='bbox 625 1425 697 1476; x_wconf 80' lang='lat' dir='ltr'>&#39;l&#39;urn</span> <span class='ocrx_word' id='word_1_126' title='bbox 709 1424 779 1476; x_wconf 77' lang='lat' dir='ltr'>lurni</span> <span class='ocrx_word' id='word_1_127' title='bbox 790 1427 883 1478; x_wconf 83' lang='lat' dir='ltr'>incen-</span> 
     </span>
     <span class='ocr_line' id='line_1_19' title="bbox 75 1491 884 1561; baseline 0.005 -19"><span class='ocrx_word' id='word_1_128' title='bbox 75 1491 184 1542; x_wconf 83' lang='lat' dir='ltr'>diorum</span> <span class='ocrx_word' id='word_1_129' title='bbox 201 1492 298 1559; x_wconf 88' lang='lat' dir='ltr'>procul</span> <span class='ocrx_word' id='word_1_130' title='bbox 313 1494 492 1556; x_wconf 83' lang='lat' dir='ltr'>videbantur,</span> <span class='ocrx_word' id='word_1_131' title='bbox 514 1509 585 1561; x_wconf 85' lang='lat' dir='ltr'>quae</span> <span class='ocrx_word' id='word_1_132' title='bbox 596 1509 642 1546; x_wconf 80' lang='lat' dir='ltr'>res</span> <span class='ocrx_word' id='word_1_133' title='bbox 653 1508 763 1546; x_wconf 86' lang='lat' dir='ltr'>omnem</span> <span class='ocrx_word' id='word_1_134' title='bbox 775 1495 884 1547; x_wconf 84' lang='lat' dir='ltr'>dubita-</span> 
     </span>
     <span class='ocr_line' id='line_1_20' title="bbox 74 1563 609 1632; baseline 0.006 -21"><span class='ocrx_word' id='word_1_135' title='bbox 74 1563 180 1613; x_wconf 87' lang='lat' dir='ltr'>tionem</span> <span class='ocrx_word' id='word_1_136' title='bbox 193 1563 328 1615; x_wconf 81' lang='lat' dir='ltr'>adventus</span> <span class='ocrx_word' id='word_1_137' title='bbox 340 1563 482 1632; x_wconf 83' lang='lat' dir='ltr'>legionum</span> <span class='ocrx_word' id='word_1_138' title='bbox 494 1563 609 1630; x_wconf 85' lang='lat' dir='ltr'>expulit.</span> 
     </span>
    </p>

    <p class='ocr_par' dir='ltr' id='par_1_4' title="bbox 76 1629 943 1772">
     <span class='ocr_line' id='line_1_21' title="bbox 135 1629 943 1704; baseline 0.005 -22"><span class='ocrx_word' id='word_1_139' title='bbox 135 1629 236 1683; x_wconf 85' lang='lat' dir='ltr'>XLlX.</span> <span class='ocrx_word' id='word_1_140' title='bbox 260 1631 345 1697; x_wconf 80' lang='lat' dir='ltr'>Galli,</span> <span class='ocrx_word' id='word_1_141' title='bbox 357 1649 388 1686; x_wconf 89' lang='lat' dir='ltr'>re</span> <span class='ocrx_word' id='word_1_142' title='bbox 399 1634 511 1700; x_wconf 83' lang='lat' dir='ltr'>cognita</span> <span class='ocrx_word' id='word_1_143' title='bbox 522 1648 573 1701; x_wconf 87' lang='lat' dir='ltr'>per</span> <span class='ocrx_word' id='word_1_144' title='bbox 584 1633 789 1701; x_wconf 80' lang='lat' dir='ltr'>exploratores,</span> <span class='ocrx_word' id='word_1_145' title='bbox 811 1635 883 1686; x_wconf 76' lang='lat' dir='ltr'>obri·</span> <span class='ocrx_word' id='word_1_146' title='bbox 938 1695 943 1704; x_wconf 45' lang='grc'>,</span> 
     </span>
     <span class='ocr_line' id='line_1_22' title="bbox 76 1701 884 1772; baseline 0.004 -20"><span class='ocrx_word' id='word_1_147' title='bbox 76 1701 186 1753; x_wconf 88' lang='lat' dir='ltr'>dionem</span> <span class='ocrx_word' id='word_1_148' title='bbox 197 1702 368 1771; x_wconf 86' lang='lat' dir='ltr'>relinquunt,</span> <span class='ocrx_word' id='word_1_149' title='bbox 378 1703 414 1756; x_wconf 87' lang='lat' dir='ltr'>ad</span> <span class='ocrx_word' id='word_1_150' title='bbox 425 1705 569 1756; x_wconf 79' lang='lat' dir='ltr'>Gaesarem</span> <span class='ocrx_word' id='word_1_151' title='bbox 581 1704 710 1756; x_wconf 80' lang='lat' dir='ltr'>omnibus</span> <span class='ocrx_word' id='word_1_152' title='bbox 720 1705 807 1772; x_wconf 83' lang='lat' dir='ltr'>copiis</span> <span class='ocrx_word' id='word_1_153' title='bbox 818 1720 884 1757; x_wconf 89' lang='lat' dir='ltr'>con·</span> 
     </span>
    </p>
   </div>
   <div class='ocr_carea' id='block_1_4' title="bbox 10 1771 880 1827">
    <p class='ocr_par' dir='ltr' id='par_1_5' title="bbox 10 1771 880 1827">
     <span class='ocr_line' id='line_1_23' title="bbox 10 1771 880 1827; baseline 0.007 -6"><span class='ocrx_word' id='word_1_154' title='bbox 10 1771 12 1774; x_wconf 78' lang='grc'>’</span> <span class='ocrx_word' id='word_1_155' title='bbox 75 1771 208 1823; x_wconf 84' lang='lat' dir='ltr'>tendunt:</span> <span class='ocrx_word' id='word_1_156' title='bbox 231 1787 281 1824; x_wconf 85' lang='lat' dir='ltr'>eae</span> <span class='ocrx_word' id='word_1_157' title='bbox 304 1779 385 1826; x_wconf 88' lang='lat' dir='ltr'>erant</span> <span class='ocrx_word' id='word_1_158' title='bbox 406 1779 577 1826; x_wconf 85' lang='lat' dir='ltr'>armatorum</span> <span class='ocrx_word' id='word_1_159' title='bbox 600 1776 711 1827; x_wconf 86' lang='lat' dir='ltr'>circiter</span> <span class='ocrx_word' id='word_1_160' title='bbox 726 1775 804 1826; x_wconf 86' lang='lat' dir='ltr'>milia</span> <span class='ocrx_word' id='word_1_161' title='bbox 818 1775 880 1827; x_wconf 75' lang='lat' dir='ltr'>Lx.</span> 
     </span>
    </p>
   </div>
   <div class='ocr_carea' id='block_1_5' title="bbox 16 1841 890 2870">
    <p class='ocr_par' dir='ltr' id='par_1_6' title="bbox 16 1841 890 2870">
     <span class='ocr_line' id='line_1_24' title="bbox 77 1841 881 1910; baseline 0.001 -15"><span class='ocrx_word' id='word_1_162' title='bbox 77 1841 189 1903; x_wconf 77' lang='lat' dir='ltr'>Cicero,</span> <span class='ocrx_word' id='word_1_163' title='bbox 201 1841 267 1894; x_wconf 79' lang='lat' dir='ltr'>data</span> <span class='ocrx_word' id='word_1_164' title='bbox 277 1841 427 1905; x_wconf 77' lang='lat' dir='ltr'>facultate,</span> <span class='ocrx_word' id='word_1_165' title='bbox 438 1843 550 1896; x_wconf 80' lang='lat' dir='ltr'>(lullum</span> <span class='ocrx_word' id='word_1_166' title='bbox 563 1845 706 1897; x_wconf 88' lang='lat' dir='ltr'>abeodem</span> <span class='ocrx_word' id='word_1_167' title='bbox 718 1845 881 1910; x_wconf 86' lang='lat' dir='ltr'>Verticone,</span> 
     </span>
     <span class='ocr_line' id='line_1_25' title="bbox 16 1912 881 1983; baseline 0.008 -23"><span class='ocrx_word' id='word_1_168' title='bbox 16 1953 18 1960; x_wconf 48' lang='lat'>.</span> <span class='ocrx_word' id='word_1_169' title='bbox 77 1926 157 1978; x_wconf 87' lang='lat' dir='ltr'>quern</span> <span class='ocrx_word' id='word_1_170' title='bbox 169 1926 254 1978; x_wconf 80' lang='lat' dir='ltr'>supra</span> <span class='ocrx_word' id='word_1_171' title='bbox 265 1912 526 1976; x_wconf 76' lang='lat' dir='ltr'>demonstravimus,</span> <span class='ocrx_word' id='word_1_172' title='bbox 542 1917 653 1982; x_wconf 84' lang='lat' dir='ltr'>repetit,</span> <span class='ocrx_word' id='word_1_173' title='bbox 665 1916 712 1983; x_wconf 82' lang='lat' dir='ltr'>qui</span> <span class='ocrx_word' id='word_1_174' title='bbox 723 1915 833 1968; x_wconf 79' lang='lat' dir='ltr'>litteras</span> <span class='ocrx_word' id='word_1_175' title='bbox 844 1915 881 1967; x_wconf 86' lang='lat' dir='ltr'>ad</span> 
     </span>
     <span class='ocr_line' id='line_1_26' title="bbox 78 1981 881 2054; baseline 0.005 -22"><span class='ocrx_word' id='word_1_176' title='bbox 78 1981 224 2032; x_wconf 79' lang='lat' dir='ltr'>Gaesarem</span> <span class='ocrx_word' id='word_1_177' title='bbox 237 1981 354 2036; x_wconf 78' lang='lat' dir='ltr'>referet:</span> <span class='ocrx_word' id='word_1_178' title='bbox 366 1981 440 2034; x_wconf 90' lang='lat' dir='ltr'>hunc</span> <span class='ocrx_word' id='word_1_179' title='bbox 451 1982 591 2047; x_wconf 85' lang='lat' dir='ltr'>admonet,</span> <span class='ocrx_word' id='word_1_180' title='bbox 603 1986 659 2037; x_wconf 85' lang='lat' dir='ltr'>iter</span> <span class='ocrx_word' id='word_1_181' title='bbox 670 1990 751 2039; x_wconf 91' lang='lat' dir='ltr'>caute</span> <span class='ocrx_word' id='word_1_182' title='bbox 762 1986 881 2054; x_wconf 84' lang='lat' dir='ltr'>diligen·</span> 
     </span>
     <span class='ocr_line' id='line_1_27' title="bbox 77 2051 882 2120; baseline 0.002 -18"><span class='ocrx_word' id='word_1_183' title='bbox 77 2056 173 2118; x_wconf 87' lang='lat' dir='ltr'>terque</span> <span class='ocrx_word' id='word_1_184' title='bbox 184 2051 284 2104; x_wconf 83' lang='lat' dir='ltr'>faciat:</span> <span class='ocrx_word' id='word_1_185' title='bbox 306 2053 453 2120; x_wconf 81' lang='lat' dir='ltr'>perscribit</span> <span class='ocrx_word' id='word_1_186' title='bbox 463 2054 492 2103; x_wconf 90' lang='lat' dir='ltr'>in</span> <span class='ocrx_word' id='word_1_187' title='bbox 503 2054 614 2117; x_wconf 82' lang='lat' dir='ltr'>litteris,</span> <span class='ocrx_word' id='word_1_188' title='bbox 633 2054 727 2106; x_wconf 79' lang='lat' dir='ltr'>hostes</span> <span class='ocrx_word' id='word_1_189' title='bbox 738 2056 773 2107; x_wconf 87' lang='lat' dir='ltr'>ab</span> <span class='ocrx_word' id='word_1_190' title='bbox 785 2071 815 2107; x_wconf 79' lang='lat' dir='ltr'>ae</span> <span class='ocrx_word' id='word_1_191' title='bbox 826 2055 882 2105; x_wconf 79' lang='lat' dir='ltr'>din·</span> 
     </span>
     <span class='ocr_line' id='line_1_28' title="bbox 78 2121 881 2190; baseline 0.002 -20"><span class='ocrx_word' id='word_1_192' title='bbox 78 2122 193 2172; x_wconf 73' lang='lat' dir='ltr'>cessione</span> <span class='ocrx_word' id='word_1_193' title='bbox 205 2135 370 2190; x_wconf 84' lang='lat' dir='ltr'>omnemque</span> <span class='ocrx_word' id='word_1_194' title='bbox 381 2121 416 2175; x_wconf 91' lang='lat' dir='ltr'>ad</span> <span class='ocrx_word' id='word_1_195' title='bbox 428 2137 490 2174; x_wconf 81' lang='lat' dir='ltr'>euin</span> <span class='ocrx_word' id='word_1_196' title='bbox 507 2123 713 2176; x_wconf 84' lang='lat' dir='ltr'>multitudinem</span> <span class='ocrx_word' id='word_1_197' title='bbox 730 2126 881 2176; x_wconf 71' lang='lat' dir='ltr'>convertis·</span> 
     </span>
     <span class='ocr_line' id='line_1_29' title="bbox 78 2188 879 2252; baseline 0.004 -13"><span class='ocrx_word' id='word_1_198' title='bbox 78 2204 118 2241; x_wconf 83' lang='lat' dir='ltr'>se.</span> <span class='ocrx_word' id='word_1_199' title='bbox 151 2188 258 2252; x_wconf 74' lang='lat' dir='ltr'>Quibus</span> <span class='ocrx_word' id='word_1_200' title='bbox 273 2191 376 2244; x_wconf 84' lang='lat' dir='ltr'>litteris</span> <span class='ocrx_word' id='word_1_201' title='bbox 392 2193 503 2246; x_wconf 88' lang='lat' dir='ltr'>circiter</span> <span class='ocrx_word' id='word_1_202' title='bbox 517 2193 610 2246; x_wconf 82' lang='lat' dir='ltr'>medio</span> <span class='ocrx_word' id='word_1_203' title='bbox 624 2198 706 2246; x_wconf 86' lang='lat' dir='ltr'>nocte</span> <span class='ocrx_word' id='word_1_204' title='bbox 718 2193 820 2245; x_wconf 79' lang='lat' dir='ltr'>Caesar</span> <span class='ocrx_word' id='word_1_205' title='bbox 835 2193 879 2243; x_wconf 85' lang='lat' dir='ltr'>ad·</span> 
     </span>
     <span class='ocr_line' id='line_1_30' title="bbox 79 2258 880 2330; baseline 0.001 -21"><span class='ocrx_word' id='word_1_206' title='bbox 79 2258 141 2310; x_wconf 75' lang='lat' dir='ltr'>latio</span> <span class='ocrx_word' id='word_1_207' title='bbox 150 2275 215 2311; x_wconf 78' lang='lat' dir='ltr'>auor</span> <span class='ocrx_word' id='word_1_208' title='bbox 226 2260 294 2313; x_wconf 81' lang='lat' dir='ltr'>fucit</span> <span class='ocrx_word' id='word_1_209' title='bbox 305 2264 448 2324; x_wconf 79' lang='lat' dir='ltr'>certiores,</span> <span class='ocrx_word' id='word_1_210' title='bbox 465 2277 569 2330; x_wconf 82' lang='lat' dir='ltr'>eosque</span> <span class='ocrx_word' id='word_1_211' title='bbox 580 2262 615 2314; x_wconf 91' lang='lat' dir='ltr'>ad</span> <span class='ocrx_word' id='word_1_212' title='bbox 627 2262 812 2315; x_wconf 87' lang='lat' dir='ltr'>dimicandum</span> <span class='ocrx_word' id='word_1_213' title='bbox 825 2266 880 2313; x_wconf 79' lang='lat' dir='ltr'>ani-</span> 
     </span>
     <span class='ocr_line' id='line_1_31' title="bbox 77 2331 881 2398; baseline 0.004 -18"><span class='ocrx_word' id='word_1_214' title='bbox 77 2344 122 2380; x_wconf 91' lang='lat' dir='ltr'>mo</span> <span class='ocrx_word' id='word_1_215' title='bbox 133 2332 290 2383; x_wconf 83' lang='lat' dir='ltr'>confirmat:</span> <span class='ocrx_word' id='word_1_216' title='bbox 305 2337 418 2398; x_wconf 84' lang='lat' dir='ltr'>postero</span> <span class='ocrx_word' id='word_1_217' title='bbox 435 2331 480 2384; x_wconf 90' lang='lat' dir='ltr'>die</span> <span class='ocrx_word' id='word_1_218' title='bbox 496 2333 558 2384; x_wconf 86' lang='lat' dir='ltr'>luco</span> <span class='ocrx_word' id='word_1_219' title='bbox 575 2334 768 2398; x_wconf 82' lang='lat' dir='ltr'>primomoret</span> <span class='ocrx_word' id='word_1_220' title='bbox 779 2337 881 2392; x_wconf 74' lang='lat' dir='ltr'>castra,</span> 
     </span>
     <span class='ocr_line' id='line_1_32' title="bbox 79 2401 881 2469; baseline 0.005 -18"><span class='ocrx_word' id='word_1_221' title='bbox 79 2407 107 2451; x_wconf 84' lang='lat' dir='ltr'>et</span> <span class='ocrx_word' id='word_1_222' title='bbox 117 2401 228 2452; x_wconf 86' lang='lat' dir='ltr'>circiter</span> <span class='ocrx_word' id='word_1_223' title='bbox 238 2401 316 2454; x_wconf 90' lang='lat' dir='ltr'>milia</span> <span class='ocrx_word' id='word_1_224' title='bbox 326 2415 456 2469; x_wconf 73' lang='lat' dir='ltr'>pascuum</span> <span class='ocrx_word' id='word_1_225' title='bbox 468 2406 590 2469; x_wconf 85' lang='lat' dir='ltr'>quatuor</span> <span class='ocrx_word' id='word_1_226' title='bbox 601 2415 780 2468; x_wconf 75' lang='lat' dir='ltr'>progressus,</span> <span class='ocrx_word' id='word_1_227' title='bbox 800 2407 881 2455; x_wconf 75' lang='lat' dir='ltr'>trena</span> 
     </span>
     <span class='ocr_line' id='line_1_33' title="bbox 78 2469 880 2538; baseline 0 -16"><span class='ocrx_word' id='word_1_228' title='bbox 78 2470 174 2522; x_wconf 80' lang='lat' dir='ltr'>vallem</span> <span class='ocrx_word' id='word_1_229' title='bbox 187 2485 316 2538; x_wconf 79' lang='lat' dir='ltr'>magnum</span> <span class='ocrx_word' id='word_1_230' title='bbox 327 2476 356 2524; x_wconf 86' lang='lat' dir='ltr'>ei</span> <span class='ocrx_word' id='word_1_231' title='bbox 363 2471 452 2522; x_wconf 80' lang='lat' dir='ltr'>rivum</span> <span class='ocrx_word' id='word_1_232' title='bbox 465 2471 672 2522; x_wconf 87' lang='lat' dir='ltr'>multitudinem</span> <span class='ocrx_word' id='word_1_233' title='bbox 684 2469 803 2522; x_wconf 79' lang='lat' dir='ltr'>hostium</span> <span class='ocrx_word' id='word_1_234' title='bbox 816 2486 880 2522; x_wconf 88' lang='lat' dir='ltr'>con·</span> 
     </span>
     <span class='ocr_line' id='line_1_34' title="bbox 78 2541 890 2610; baseline 0.002 -20"><span class='ocrx_word' id='word_1_235' title='bbox 78 2541 205 2606; x_wconf 78' lang='lat' dir='ltr'>spicatur.</span> <span class='ocrx_word' id='word_1_236' title='bbox 238 2541 308 2593; x_wconf 84' lang='lat' dir='ltr'>Erat</span> <span class='ocrx_word' id='word_1_237' title='bbox 318 2542 412 2609; x_wconf 76' lang='lat' dir='ltr'>magni</span> <span class='ocrx_word' id='word_1_238' title='bbox 424 2541 543 2607; x_wconf 86' lang='lat' dir='ltr'>periculi</span> <span class='ocrx_word' id='word_1_239' title='bbox 554 2555 611 2604; x_wconf 78' lang='lat' dir='ltr'>rer,</span> <span class='ocrx_word' id='word_1_240' title='bbox 622 2555 683 2592; x_wconf 83' lang='lat' dir='ltr'>cunr</span> <span class='ocrx_word' id='word_1_241' title='bbox 695 2541 781 2592; x_wconf 79' lang='lat' dir='ltr'>tantis</span> <span class='ocrx_word' id='word_1_242' title='bbox 793 2542 890 2610; x_wconf 77' lang='lat' dir='ltr'>copiis·</span> 
     </span>
     <span class='ocr_line' id='line_1_35' title="bbox 78 2609 880 2680; baseline 0.004 -21"><span class='ocrx_word' id='word_1_243' title='bbox 78 2611 169 2678; x_wconf 87' lang='lat' dir='ltr'>iniquo</span> <span class='ocrx_word' id='word_1_244' title='bbox 182 2609 242 2661; x_wconf 90' lang='lat' dir='ltr'>loco</span> <span class='ocrx_word' id='word_1_245' title='bbox 254 2611 396 2662; x_wconf 72' lang='lat' dir='ltr'>dimicare.</span> <span class='ocrx_word' id='word_1_246' title='bbox 420 2613 501 2674; x_wconf 85' lang='lat' dir='ltr'>Tum,</span> <span class='ocrx_word' id='word_1_247' title='bbox 517 2612 646 2680; x_wconf 84' lang='lat' dir='ltr'>quoniam</span> <span class='ocrx_word' id='word_1_248' title='bbox 659 2609 801 2673; x_wconf 81' lang='lat' dir='ltr'>obsidione</span> <span class='ocrx_word' id='word_1_249' title='bbox 814 2611 880 2663; x_wconf 77' lang='lat' dir='ltr'>libe·</span> 
     </span>
     <span class='ocr_line' id='line_1_36' title="bbox 79 2680 876 2748; baseline 0 -16"><span class='ocrx_word' id='word_1_250' title='bbox 79 2687 166 2732; x_wconf 81' lang='lat' dir='ltr'>rutum</span> <span class='ocrx_word' id='word_1_251' title='bbox 184 2680 345 2732; x_wconf 86' lang='lat' dir='ltr'>Ciceronem</span> <span class='ocrx_word' id='word_1_252' title='bbox 366 2680 481 2743; x_wconf 74' lang='lat' dir='ltr'>sciebat,</span> <span class='ocrx_word' id='word_1_253' title='bbox 503 2695 591 2748; x_wconf 84' lang='lat' dir='ltr'>eoque</span> <span class='ocrx_word' id='word_1_254' title='bbox 607 2682 719 2732; x_wconf 87' lang='lat' dir='ltr'>omnino</span> <span class='ocrx_word' id='word_1_255' title='bbox 734 2681 876 2733; x_wconf 84' lang='lat' dir='ltr'>remitten-</span> 
     </span>
     <span class='ocr_line' id='line_1_37' title="bbox 79 2749 879 2870; baseline -0.001 -66"><span class='ocrx_word' id='word_1_256' title='bbox 79 2751 142 2804; x_wconf 82' lang='lat' dir='ltr'>dum</span> <span class='ocrx_word' id='word_1_257' title='bbox 152 2749 187 2804; x_wconf 92' lang='lat' dir='ltr'>de</span> <span class='ocrx_word' id='word_1_258' title='bbox 197 2750 342 2804; x_wconf 80' lang='lat' dir='ltr'>celeritate</span> <span class='ocrx_word' id='word_1_259' title='bbox 353 2749 676 2870; x_wconf 56' lang='lat' dir='ltr'>existimabatconsrdip</span> <span class='ocrx_word' id='word_1_260' title='bbox 684 2756 725 2813; x_wconf 86' lang='lat' dir='ltr'>et,</span> <span class='ocrx_word' id='word_1_261' title='bbox 740 2764 822 2819; x_wconf 75' lang='lat' dir='ltr'>quum</span> <span class='ocrx_word' id='word_1_262' title='bbox 835 2768 879 2805; x_wconf 77' lang='lat' dir='ltr'>ne·</span> 
     </span>
    </p>
   </div>
   <div class='ocr_carea' id='block_1_6' title="bbox 0 0 1089 3132">
    <p class='ocr_par' dir='ltr' id='par_1_7' title="bbox 0 0 1089 3132">
     <span class='ocr_line' id='line_1_38' title="bbox 0 0 1089 3132; baseline 0 0"><span class='ocrx_word' id='word_1_263' title='bbox 0 0 1089 3132; x_wconf 95' lang='lat' dir='ltr'> </span> 
     </span>
    </p>
   </div>
  </div>
 </body>
</html>
