2180 3140
386 222 539 276 LIBER
573 224 629 276 111.
853 199 907 278 an
944 226 947 236 ·

101 312 253 396 dispositis,
274 327 334 394 ipse
346 328 511 394 gravissima
520 324 609 379 hieme
621 327 650 377 in
661 326 778 379 navibus
789 328 906 380 excuba-

98 399 157 462 bat,
169 413 260 465 neque
271 397 496 454 ullumlaborem
507 401 557 446 aut
568 412 667 448 munus
679 395 843 463 despiciens,
859 413 907 450 ne-

98 483 152 536 que
164 467 320 520 subsidium
332 473 506 534 exspectans,
520 467 582 516 siin
594 467 720 518 Caesaris
730 466 906 534 complexum

99 539 195 590 scrire
210 543 313 605 posset.
892 550 898 562 ·

24 621 25 624 ’
109 657 113 661 .
150 607 199 659 lX.
218 607 352 658 Discessu
367 606 553 658 Liburnarum
570 621 606 658 ex
620 605 750 674 Illyrico,
772 606 812 656 M.
824 605 906 658 Octa-

98 678 160 728 vius
170 691 235 732 eum
245 678 289 740 iis,
312 691 380 743 quas
396 674 529 741 habebat,
545 677 666 730 ,naribus
678 675 797 736 Salonas
812 691 909 742 perve-

99 747 151 797 nit.
187 747 227 798 lbi
248 747 393 797 concitatis
414 745 553 798 Dalmatis
579 746 751 814 reliquisque
772 746 908 808 barbaris,

99 819 188 878 issam
200 830 216 866 a
229 817 358 868 Caesaris
375 817 499 867 amicitia
515 819 630 868 avertite
649 820 817 868 conventum
829 815 907 867 Salo-

101 887 144 937 nis
161 900 245 954 quum
257 901 347 954 neque
368 886 626 952 pollicitationibus,
647 900 738 954 neque
759 885 908 936 denuncia-
943 883 946 889 ’

99 957 177 1007 tione
188 957 306 1023 periculi
315 971 479 1022 permovere
491 963 594 1023 posset,
605 952 736 1023 oppidum
746 969 908 1024 oppugnare

100 1026 231 1080 instituit.
266 1027 318 1077 Est
329 1032 420 1077 autem
434 1026 563 1092 oppidum
575 1033 605 1077 et
616 1027 670 1078 loci
683 1031 784 1077 natura
796 1033 825 1078 et
835 1026 908 1077 colle

100 1098 248 1148 munitum,
284 1095 340 1147 Sed
351 1097 482 1147 celeriter
492 1099 566 1148 cives
577 1096 708 1158 Romani,
730 1096 831 1162 ligneis
843 1095 910 1148 effe-

101 1169 153 1218 ctis
165 1166 300 1228 turribus‚
316 1165 350 1216 iis
366 1179 428 1217 sese
440 1167 601 1218 munierunt
611 1173 649 1230 et,
665 1181 750 1234 quum
762 1171 858 1216 essent
868 1167 908 1215 in·

21 1260 23 1264 v
100 1237 176 1288 firmi
186 1235 221 1287 ad
233 1234 416 1287 resistendum
439 1235 554 1303 prepter
573 1237 744 1302 paucitatem
755 1233 908 1297 hominum,

101 1307 207 1358 crebris
229 1305 349 1357 confecti
369 1306 538 1368 vulneribus,
560 1307 595 1358 ad
606 1310 763 1357 extremum
775 1305 909 1356 auxilium

101 1375 322 1437 descenderunt,
344 1390 495 1443 servosque
517 1391 614 1442 omnes
633 1376 753 1443 puberes
773 1372 908 1425 liberare·
936 1437 940 1444 Ι

100 1452 169 1498 runt
180 1451 221 1509 ct,
243 1447 395 1511 praesectis
407 1446 530 1496 omnium
542 1446 688 1497 mulierum
701 1445 831 1506 crinibus,
851 1446 908 1494 tor-

101 1522 198 1568 menta
209 1514 372 1568 effecerunt.
402 1516 527 1578 Quorum
539 1517 654 1581 cognita
663 1513 815 1576 sententia,
826 1513 909 1564 Octa·

84 1613 85 1617 =
101 1588 162 1640 rius
174 1587 264 1652 quinis
281 1586 382 1638 castris
398 1585 530 1652 oppidum
546 1583 730 1636 circumdedit
749 1588 831 1650 atque
853 1597 910 1633 uno

101 1664 230 1722 tempore
242 1656 385 1708 obsidione
398 1662 427 1707 et
443 1655 693 1724 oppugnationibus
713 1668 761 1704 ecs
782 1668 910 1720 premere

103 1728 203 1792 coepit,
237 1726 282 1777 lili
294 1726 388 1777 omnia
405 1726 515 1792 perpeti
526 1729 633 1792 parati,
652 1724 771 1776 maxime
783 1737 800 1773 a
811 1738 842 1774 re
854 1721 911 1775 fru-

88 1797 242 1858 mentaria
262 1796 436 1848 laborabant.
478 1795 572 1857 Quare
593 1797 683 1846 missis
704 1794 740 1845 ad
761 1794 910 1845 Caesarem

102 1867 215 1934 legatis,
236 1866 370 1918 auxilium
383 1866 418 1918 ab
431 1879 464 1917 ec
476 1867 622 1932 petebant:
642 1865 762 1933 reliqua,
785 1869 817 1914 ut
832 1871 910 1930 pote·

103 1940 176 1998 rant,
187 1951 237 2002 per
247 1951 277 1988 sc
289 1935 467 1989 incommoda
477 1937 667 1987 sustinebant:
688 1943 717 1988 et
726 1935 812 2002 longo
825 1936 912 1986 inter·

103 2007 196 2074 posito
208 2008 308 2071 spatio,
324 2007 588 2075 quumdiuturnitas
600 2007 816 2078 oppugnationis
826 2005 911 2071 negli-

26 2111 29 2118 ·
103 2077 247 2145 gentiores
269 2077 437 2127 Octavianos
460 2074 611 2138 effecisset,
639 2077 712 2126 nacti
735 2076 911 2127 occasionem

103 2145 251 2196 meridiani
261 2147 403 2211 temporis,
422 2145 544 2196 discessu
557 2161 662 2208 eorum,
683 2144 776 2210 pueris
787 2143 911 2212 mulieri·

104 2215 211 2281 busque
222 2214 250 2263 in
261 2229 340 2264 muro
353 2215 508 2279 dispositis,
528 2229 564 2263 ne
576 2215 641 2282 quid
657 2213 835 2281 quotidianae
847 2227 911 2262 con-

105 2282 263 2334 suetudinis
274 2283 493 2345 desideraretur,
513 2284 574 2349 ipsi,
595 2298 678 2334 manu
694 2282 776 2344 facta,
793 2279 910 2344 cumiis,
931 2279 933 2284 ’

106 2367 175 2420 quos
187 2367 275 2419 nuper
287 2356 406 2405 maxime
422 2352 623 2414 liberaverant,
645 2355 674 2402 in
689 2350 818 2418 proxima
827 2352 911 2401 Octa-

105 2423 143 2474 vii
159 2429 251 2474 castra
270 2422 441 2488 irruperunt.
477 2422 529 2472 llis
545 2424 721 2489 expugnatis,
742 2421 840 2473 eodem
861 2423 911 2471 im-

105 2497 173 2562 petu
184 2493 273 2544 altera
284 2498 349 2544 sunt
360 2491 461 2553 adorti,
470 2490 535 2544 inde
547 2494 633 2544 tertia
644 2495 673 2542 et
683 2498 783 2560 quarta
794 2497 822 2542 et
833 2490 909 2541 dein-

107 2578 170 2630 ceps
183 2563 303 2631 reliqua:
325 2563 507 2628 omnibusque
523 2575 571 2613 eos
583 2564 682 2614 eastris
694 2562 861 2629 expulerunt
871 2565 911 2623 et,

106 2647 207 2702 magno
228 2647 345 2684 numero
367 2631 535 2694 interiecto,
567 2631 690 2700 reliquos
711 2639 795 2700 atque
817 2632 910 2700 ipsum

106 2703 249 2756 Octavium
266 2705 294 2754 in
309 2718 392 2754 naves
411 2702 563 2771 coningere
577 2708 746 2772 coegerunt.
781 2702 837 2755 llic
855 2701 926 2770 1‘nit¹

106 2775 318 2863 oppugnationis
329 2775 429 2828 exitus.
459 2775 578 2846 ‘lantque
599 2773 688 2830 biems
708 2774 910 2847 adpropinqua·
