2152 3132
175 187 212 242 ιι
356 184 412 240 ne
438 185 581 243 aeneo
607 159 796 240 cronico

177 305 239 344 eum
251 289 280 342 in
291 295 383 342 castra
392 295 540 342 venturum
552 295 581 342 et
590 300 655 343 tuas
666 289 840 397 eivitatisque
851 287 985 350 fortunas

172 363 237 416 ,elus
247 360 311 412 fidei
314 362 529 426 permissurum.

211 429 258 482 IV.
285 431 402 492 caesor,
427 430 480 480 esti
496 428 612 480 inteller
594 429 691 496 gebat,
715 428 819 497 quade
835 443 934 481 caussa
951 442 989 482 ειι

173 499 344 562 dicerentur,
361 513 486 566 quaeque
498 513 559 550 euni
571 513 615 549 res
626 499 660 549 ab
671 499 800 550 instituto
812 497 985 560 consiliode-

173 573 312 631 terreret
327 576 432 629 tamen,
453 583 488 624 ne
500 569 653 628 aestatem
646 585 675 620 ιιι
686 570 807 620 'Ireviris
819 581 987 619 consumere

174 605 326 706 eogeretdr
331 674 340 700 ,
363 637 490 688 omnibus
512 636 549 686 ad
565 637 756 688 Britannicum
778 638 881 690 bellum
898 637 986 688 rebus

174 709 358 774 cornparatis,
381 706 599 758 Indutiomarum
611 705 686 758 adse
698 721 760 757 eum
772 707 899 768 ducentis
911 705 986 756 obsi-

177 777 258 831 dibus
269 791 363 828 venire
374 775 463 825 iussit
498 774 551 825 Ilrs
562 775 702 838 adductis
717 792 746 827 ιιι
757 793 791 828 us
803 777 862 836 lrlro
873 790 988 844 propin
1056 833 1057 838 Ἰ

179 848 295 914 quisque
312 846 371 896 eius
388 845 526 907 omnibus,
547 859 617 912 quos
630 845 793 897 uomicatim
809 849 987 906 evocaverat,
1056 875 1057 910 3

179 913 338 974 consolatus
354 912 570 966 Indutiomarum
582 911 763 995 hortatusque
774 921 832 978 est,
850 917 911 966 uti
903 931 932 965 m
945 913 987 965 of·
1056 913 1057 966 f

178 985 241 1040 ticio
263 988 449 1049 peremaneret
472 980 559 1033 nihilo
579 989 673 1034 tamen
689 985 803 1045 secius,
813 985 986 1050 principibus

175 1053 359 1104 Trevirorum
374 1051 450 1112 adse
462 1054 632 1114 conrecatis,
651 1051 702 1103 bos
714 1053 875 1119 singillatim
887 1054 986 1118 Cinge·

179 1123 263 1188 tetigi
273 1109 445 1172 conciliavit.
467 1121 546 1206 quod,
557 1132 640 1188 quom
652 1122 751 1172 merito
763 1123 822 1172 eius
834 1122 868 1172 ab
880 1137 910 1174 se
921 1122 985 1174 lieri

177 1191 372 1258 intellegebat,
387 1196 448 1242 tum
457 1193 548 1259 magui
559 1193 694 1244 interesse
706 1191 907 1254 arbitrabatur,
923 1191 983 1242 eius

178 1261 374 1318 auctoritatem
384 1262 457 1312 inter
468 1275 534 1312 suos
545 1277 627 1330 quarn
638 1260 893 1330 plurimumvalere,
905 1263 984 1312 ouius

177 1338 237 1392 tam
253 1331 393 1398 egregiam
408 1332 477 1382 inse
488 1331 660 1385 voluntatem
671 1333 865 1398 perspexisset
902 1330 935 1382 ld
945 1329 985 1382 fa·

179 1405 255 1452 ctum
270 1402 392 1468 graviter
406 1401 474 1458 tulit
488 1400 706 1464 Indutiomarus,
726 1416 806 1452 suam
817 1401 953 1468 gratiam¹
945 1415 985 1451 ιιι·

177 1477 224 1523 ter
239 1486 305 1522 suos
323 1471 421 1531 minui,
437 1477 478 1533 et,
494 1471 540 1538 qui
557 1473 614 1522 iam
629 1473 712 1521 tante¹
705 1472 817 1522 mimIco
828 1473 856 1520 in
867 1485 917 1522 uos
928 1469 985 1520 oni·

179 1554 226 1601 mo
238 1538 349 1603 fuisset,
366 1541 453 1592 multo
464 1543 609 1612 gravius
586 1539 639 1592 hoe
648 1540 746 1592 dolore
758 1543 870 1592 exarsit.

214 1607 327 1662 Vilis
342 1611 425 1662 rebus
437 1612 607 1672 constitutis,
606 1597 724 1662 Caesar
733 1610 769 1660 ad
780 1617 888 1676 portum
900 1607 984 1660 Itium

181 1693 243 1730 cum
258 1679 414 1747 legionibus
431 1681 563 1745 pervenit.
600 1681 641 1734 Ibi
656 1682 811 1746 cognoscit,
832 1679 882 1730 LX
893 1693 984 1738 naves,

78 1742 80 1758 '
181 1763 252 1816 quae
263 1749 292 1799 in
304 1749 405 1808 Meldis
416 1747 506 1802 factae
517 1754 603 1810 erant,
619 1751 914 1814 tempestatereiectas‚
925 1763 986 1798 cur

132 1849 136 1861 .
178 1832 242 1868 sum
264 1824 360 1869 tenere
375 1832 430 1868 non
446 1820 569 1883 potuisse
576 1813 667 1884 atque
684 1818 796 1881 eodem,
817 1817 889 1868 unde
906 1822 985 1868 erant

177 1884 339 1952 profectae,
359 1889 521 1939 revertisse.
542 1887 670 1960 reliquas
680 1895 792 1952 paratas
807 1887 842 1940 ad
859 1887 985 1952 navIgan

178 1955 249 2008 dum
260 1961 344 2023 atque
356 1956 482 2008 omnibus
492 1957 574 2016 rebus
585 1953 733 2008 instructas
744 1958 858 2008 invenit.
879 1956 984 2006 Eodem

176 2027 270 2078 totius
281 2025 679 2092 Galliaeeqnitatuseonrenit,
689 2041 804 2078 numero
811 2024 916 2078 mrlrunr
920 2039 985 2093 qua
1056 2071 1057 2074 ,

182 2101 257 2158 tuor,
273 2097 464 2162 principesque
475 2097 602 2148 omnibus
613 2109 648 2147 ex
659 2097 826 2147 ciuitatibus·
843 2110 878 2147 ex
889 2097 984 2162 quibus

176 2179 351 2233 perpaucos,
374 2180 490 2232 quorum
507 2167 536 2216 in
550 2181 581 2221 se
597 2165 680 2216 Iidem
694 2171 886 2234 perspexerat,
906 2165 985 2219 relin-

184 2250 271 2304 quere
282 2237 311 2286 ιιι
323 2235 423 2297 Gallia,
438 2236 562 2314 reIIqups
572 2235 696 2296 obsidum
708 2235 770 2286 loco
780 2250 874 2286 secum
886 2236 984 2288 ducere
1056 2287 1057 2290 ,

184 2305 361 2368 decreveram
383 2305 470 2372 quod,
491 2321 576 2374 quum
591 2308 649 2371 ipse
661 2305 784 2368 abesset,
805 2310 911 2368 motum
923 2304 984 2356 Gal·

183 2374 240 2436 liae
251 2376 408 2428 verebatur.

181 2443 269 2496 Vl.
296 2445 364 2496 Erat
379 2458 434 2496 une
450 2459 512 2495 cum
528 2447 628 2498 ceteris
643 2395 798 2500 Dumnorix
812 2443 936 2506 Aeduus,
952 2444 985 2495 de

179 2529 243 2598 quo
255 2515 290 2566 ab
303 2513 382 2564 nobis
394 2520 476 2566 antea
485 2513 588 2565 dictum
600 2519 650 2566 est
677 2515 772 2566 Hunc
782 2530 876 2594 securo
887 2513 984 2570 babere

187 2583 216 2634 io
228 2584 323 2650 primis
334 2581 526 2645 constituerat,
543 2582 616 2666 quod
626 2597 688 2634 eum
687 2569 829 2667 cupidum
841 2597 983 2644 rerumne·

188 2663 298 2712 samm,
320 2652 466 2719 cupidum
458 2668 582 2718 rutperti
603 2654 695 2720 magni
706 2655 805 2716 enlmi,
823 2667 936 2720 magnae
947 2654 983 2702 ln·

188 2726 232 2778 ter
246 2721 343 2774 Gallos
359 2723 532 2778 auctoritatir
547 2730 723 2793 cognoverat.
758 2723 912 2778 Accedebat
927 2720 982 2782 bur,
