2180 3140
380 178 528 232 Licuit
554 181 592 232 ll.
835 181 887 234 283

80 284 215 338 dcundum
227 281 280 334 cibi
299 283 390 334 locum
406 283 600 349 expediebant.
637 283 689 334 Ubi
701 288 808 350 tompus
819 283 885 336 alta·

80 357 135 407 rins
146 352 382 406 contabulationis
396 353 550 415 uidebatur,
559 353 639 419 tigna
648 354 726 414 item,
746 360 778 404 ut
787 356 913 420 primm*

81 430 154 477 tecta
165 425 298 475 extremis
309 422 444 474 latoribus
455 423 639 484 instruebant,
659 436 748 491 exque
759 436 793 474 oa
802 426 887 475 conti·

81 495 212 563 guntione
230 505 328 544 romu·
348 488 483 543 summam
498 492 754 543 contabulationem
776 495 888 545 storias·

81 577 133 632 qne
145 563 299 614 elevabant.
343 563 387 614 lta
395 567 457 614 tuto
469 577 502 613 ac
512 563 572 612 sinc
582 561 640 612 ullo
650 562 765 614 vulnere
776 578 808 614 ac
818 565 891 629 pari-

82 633 144 685 culo
164 632 361 683 acx'tabulata
381 637 587 694 exstruxerunt,
607 629 811 698 fenestrasque,
830 635 888 700 qui·

81 705 131 755 bus
140 705 169 753 in
180 701 249 752 loci·
261 703 348 752 ninum
361 707 415 762 eut,
434 702 469 752 od
481 705 621 754 tormenta
635 702 771 754 mittendo
780 703 808 753 in
819 709 890 753 atru-

83 773 155 825 ando
172 772 353 838 collocatum.

134 841 169 891 X.
187 841 239 891 Ubi
250 855 285 892 cx
295 855 329 892 ea
339 841 418 903 birni,
429 855 500 908 quac
511 841 613 892 circum
624 846 727 906 essent,
737 855 821 910 opera
833 849 892 895 tuc-

83 912 107 962 ci
118 925 149 962 cc
158 909 241 977 poam
252 911 348 961 conlisi
359 919 438 973 sunt3
457 911 607 963 musculum
619 912 704 978 pedet
718 913 756 964 lx
768 913 892 981 longum,

84 995 119 1032 cx
138 980 260 1031 matoria
279 980 407 1046 bipedali,
427 994 507 1047 quom
529 997 546 1032 a
564 984 634 1032 turci
654 983 824 1034 lateritiaad
844 980 892 1032 ho·

84 1052 170 1105 atium
180 1051 280 1100 tut-cim
292 1063 453 1118 murumque
463 1050 754 1118 perducerentlaccic
766 1054 891 1104 instituc-

84 1125 162 1171 runt:
176 1122 259 1170 cuius
270 1118 466 1172 munculi'hacc
476 1128 538 1172 crat
548 1121 646 1173 lurma.
682 1123 763 1174 Duac
774 1125 890 1190 primum

85 1191 178 1242 trabes
189 1190 216 1240 in
227 1189 290 1240 colo
301 1204 388 1256 aequa
398 1188 513 1256 longae,
534 1191 670 1243 distantes
681 1194 756 1243 inter
765 1209 796 1243 sc
808 1192 894 1258 pcdca

85 1265 217 1328 quatuor,
238 1259 412 1311 collocantur
426 1261 509 1326 inqua
526 1261 565 1312 cia
575 1261 740 1312 columellae
750 1261 850 1327 padum
862 1263 891 1312 in

85 1329 260 1381 altitudinem
272 1333 391 1396 quinquo
402 1329 568 1395 deliguntur.
582 1331 646 1380 llas
656 1332 730 1381 inter
738 1345 768 1380 se
779 1345 892 1398 capreo-

84 1400 119 1450 lis
130 1399 208 1451 molli
218 1399 334 1466 fastigio
345 1401 525 1465 coniungant,
540 1400 587 1450 ubi
598 1401 685 1467 tigna,
695 1413 765 1467 quac
776 1399 893 1450 niuanuli

85 1469 198 1537 tegendi
209 1473 431 1536 causan-ponant,
453 1467 632 1520 collocentur.
669 1470 710 1520 lio
721 1472 894 1537 aupertignu

87 1539 224 1605 bipedalia
234 1539 369 1600 inliciunt,
392 1553 478 1605 eaque
491 1538 601 1589 laminis
613 1538 752 1605 clavisque
764 1540 894 1606 religant.

88 1609 126 1662 dd
146 1613 301 1661 calnomum
322 1607 437 1661 musculi
459 1614 564 1660 tactum
584 1609 734 1676 trabesque
754 1615 895 1660 extremas

86 1679 236 1749 quadratas
256 1679 384 1747 regulas,
405 1685 527 1746 quatuor
541 1683 675 1744 -patcntcs
696 1677 809 1746 digitos,
830 1678 896 1730 dcli·

85 1757 163 1818 gunt,
172 1763 245 1816 quaa
254 1748 368 1809 luteres,
378 1751 424 1816 qui
435 1763 520 1814 inpar
531 1747 655 1800 muacnlo
666 1753 821 1813 struantur,
830 1763 895 1801 con·

87 1821 203 1872 tincant.
239 1819 283 1870 lta
300 1817 434 1886 fastigato
449 1825 532 1887 atque
551 1819 706 1870 ordinatim
723 1823 844 1882 structo,
864 1825 896 1870 ut

85 1890 179 1940 trabes
191 1894 271 1942 enauit
281 1889 457 1955 incapnaolio
468 1889 768 1952 collocatac,lateribus
777 1890 895 1958 lutoque

87 1959 235 2022 minutulos,
247 1966 278 2010 ut
288 1959 322 2010 ab
333 1961 398 2027 igni,
409 1961 455 2026 qui
466 1973 501 2012 ex
511 1955 749 2023 mum'iacerctur‚
765 1965 843 2012 tutuo
854 1975 896 2012 ca·

86 2035 139 2090 nat,
150 2031 316 2096 contegitur.
354 2029 445 2095 Sopor
455 2029 644 2082 latenascocia
655 2030 840 2094 inducuntur,
860 2045 896 2082 nc

87 2098 228 2149 coitalibus
238 2112 310 2166 aqua
319 2099 443 2149 immissa
452 2099 555 2152 lateres
565 2099 672 2151 dilucio
683 2104 786 2166 ponet.
813 2101 897 2151 Coria

87 2172 190 2230 autam,
210 2183 244 2218 no
264 2182 362 2219 misus
382 2170 439 2235 igni
461 2185 493 2221 ac
512 2169 650 2235 lapidibus
667 2175 900 2237 corrumpantur,-

89 2237 251 2287 ccntonibua
261 2243 455 2304 conteguntur.
492 2240 553 2290 Hoc
565 2253 633 2304 opus
644 2253 734 2302 omne,
740 2244 847 2290 tectum
859 2239 897 2288 vi-

88 2306 156 2367 ncia,
166 2306 202 2356 ad
212 2308 300 2372 ipsam
307 2309 409 2358 tumim
421 2310 568 2374 perficiunt
577 2309 733 2375 cubitoque,
748 2308 896 2374 'inopinan-

86 2375 161 2426 tibus
171 2374 307 2438 hostibus,
317 2375 521 2429 machinatione
532 2376 632 2441 navali,
651 2376 797 2445 phalangio
807 2378 897 2429 subic-

89 2449 151 2508 ctia,
172 2445 208 2497 ad
223 2448 322 2497 tumim
339 2444 460 2497 hostium
476 2447 634 2510 admovent,
654 2451 687 2498 ut
696 2446 822 2499 aedilicio
838 2449 895 2499 iun-

108 2520 179 2567 atur.
898 2539 900 2546 ·

88 2530 107 2584 g
140 2585 188 2637 Xl.
208 2585 270 2649 Quo
290 2586 363 2638 malo
387 2587 529 2652 perterriti
555 2574 648 2638 cubito
669 2586 800 2654 oppidani
815 2602 895 2649 anxa,

88 2671 170 2723 quam
186 2657 307 2708 maxima
321 2661 450 2724 possunt,
468 2657 592 2709 vectibus
607 2665 772 2725 promovent
787 2660 901 2726 praeci-¹

87 2727 229 2796 pitataquc
243 2743 323 2779 muco
338 2731 365 2779 in
382 2727 537 2779 musculum
552 2728 710 2782 devolvunt.
746 2730 833 2782 lotum
849 2727 893 2780 ilc·
