2152 3144
184 171 239 222 362
393 170 448 221 DE
470 169 613 221 BELLO
634 167 770 222 orvlul

169 265 345 340 'Pompeiani
365 275 395 325 in
416 274 534 340 quodam
555 280 649 324 oronte
670 267 866 324 constiterunt.
900 271 992 325 Hono

186 351 308 394 montem
328 343 431 394 flumen
452 344 610 395 subluebat.
647 344 758 406 Caesar,
774 343 876 394 milites
887 341 992 394 cohor-

184 420 274 478 tatus,
296 414 351 466 etsi
361 415 450 465 totius
462 413 518 465 diei
529 413 680 464 continenti
692 414 788 464 labore
800 417 881 464 erant
892 409 992 465 confe-

186 485 233 545 cti,
250 498 359 550 noxque
370 485 426 533 iam
438 485 565 546 suberat,
586 491 679 534 tamen
691 483 844 534 munitione
855 483 956 532 llumcn
970 497 991 534 a

186 560 279 605 monte
291 553 418 620 seclusit,
438 569 474 604 ne
485 559 568 605 noctu
580 555 675 620 aquari
687 553 851 618 Pompeiani
862 559 989 618 possent.

186 622 248 683 (luo
260 626 314 674 iam
326 621 451 690 perfecto
462 638 556 691 opere,
571 622 614 673 illi
626 623 659 674 de
670 623 824 688 deditione,
843 621 935 672 missis
947 622 990 674 le·

185 694 269 760 gatis,
280 709 364 760 agero
377 698 537 760 coeperunt.
574 691 655 743 Pauci
667 692 773 742 ordinis
784 691 928 756 senatorii,
939 693 990 759 qui

184 777 216 812 se
228 779 289 814 cum
299 763 335 813 iis
347 765 562 826 coniunxerant,
583 769 663 813 nocte
678 761 746 830 iuga
764 763 883 813 salutem
897 763 990 829 petie·

186 841 260 883 runt.

237 900 358 954 XCVlll.
377 901 482 950 Caesar
499 903 590 966 prima
607 900 670 951 luce
691 915 787 952 omnes
808 911 873 964 eos,
895 901 991 968 quiin
1058 913 1059 954 ξ

183 976 280 1025 monte
291 969 487 1032 consederant,
509 985 544 1020 ex
563 972 753 1037 superioribus
770 971 839 1021 locis
854 971 884 1022 in
899 969 992 1038 plani-

185 1044 254 1093 tiem
265 1039 435 1090 descendere
446 1044 530 1106 atque
541 1055 618 1090 arma
628 1041 766 1105 proiicere
777 1038 888 1090 iussit·
907 1040 991 1102 Quod

185 1111 235 1178 ubi
246 1110 306 1160 sine
319 1109 494 1159 recusatione
507 1107 641 1171 iecerunt,
652 1111 797 1176 passisque
809 1109 915 1178 palmis,
923 1126 991 1178 pro-

184 1181 254 1234 iecti
274 1179 309 1230 ad
328 1183 442 1240 terram,
464 1177 564 1229 flentes
585 1179 670 1230 abeo
691 1179 810 1230 salutern
830 1182 991 1245 petierunt3

183 1249 347 1303 'consolatus
362 1263 529 1316 consurgere
548 1249 632 1300 iussit
649 1252 690 1314 et,
710 1265 798 1316 pauca
808 1250 882 1317 apud
892 1265 941 1302 eos
952 1250 991 1302 de

181 1321 301 1372 lenitate
312 1333 363 1369 sua
373 1317 495 1380 locutus,
514 1333 570 1384 quo
581 1321 689 1372 minore
700 1326 794 1371 essent
804 1323 914 1382 timore,
931 1333 991 1370 om·

184 1393 236 1441 nes
247 1390 434 1452 conservavit;
452 1389 642 1458 militibusque
653 1390 710 1440 suis
721 1390 935 1451 commendavit,
953 1401 991 1441 ne

185 1463 231 1528 qui
243 1473 340 1527 eornm
351 1459 537 1522 violarentur,
557 1455 613 1510 'nen
637 1459 702 1527 quid
722 1461 765 1509 sui
786 1460 989 1511 desiderarent.

184 1530 248 1580 Hac
258 1528 382 1579 adhibita
392 1529 548 1596 diligentia,
561 1542 596 1580 ex
607 1531 705 1580 castris
716 1530 769 1580 sibi
782 1529 907 1596 legiones
917 1528 990 1580 alias

185 1612 331 1650 occurrere
343 1603 443 1660 eteas,
463 1613 532 1664 quas
552 1611 647 1649 secum
669 1599 795 1661 duxerat,
815 1599 932 1650 invicem
945 1613 989 1649 re·

185 1669 329 1736 quiescere
339 1674 423 1734 atque
438 1667 467 1716 in
484 1674 576 1718 castra
595 1668 700 1720 reverti
719 1670 812 1719 iussit:
835 1669 990 1738 eodemque

185 1737 232 1789 die
243 1735 384 1786 Larissam
396 1737 531 1802 pervenit.

238 1804 332 1855 XClX.
350 1805 381 1855 ln
397 1819 430 1854 eo
445 1805 759 1873 proelio-nonamplius
772 1805 906 1858 ducentos
917 1807 991 1859 mili·

185 1880 229 1925 tes
241 1873 425 1935 desiderarit3
442 1875 491 1926 sed
502 1876 690 1938 centuriones,
712 1875 895 1938 fortesviros,
912 1877 990 1930 circi·

184 1949 231 2012 ter
241 1944 356 2009 triginta
368 1945 469 1995 amisit.
505 1944 674 1998 interfectus
685 1949 728 1996 est
739 1945 823 1996 etiam
835 1943 989 2004 fortissime
1058 1999 1059 2014 ,

186 2027 311 2082 pugnans
323 2013 476 2078 Crastinus,
497 2014 573 2066 cuius
584 2016 754 2066 mentionem
765 2030 850 2083 supro
861 2015 989 2086 fecimus,

186 2083 279 2152 gladio
289 2082 319 2134 in
331 2098 362 2134 os
374 2083 519 2138 adeersum
531 2084 666 2136 coniecto.
701 2085 799 2155 Neque
819 2085 849 2136 id
867 2085 922 2137 fuit
936 2086 988 2148 ial-

186 2169 258 2217 sum,
270 2152 343 2222 quod
354 2153 410 2216 ille,
422 2155 452 2206 in
462 2169 581 2223 pugnam
592 2154 783 2224 proficiscens,
805 2154 927 2208 dixerat:
947 2159 988 2210 sio

187 2225 260 2276 enim
273 2223 376 2275 Cacsar
396 2224 584 2288 existimabat,
605 2239 639 2278 eo
658 2226 767 2294 proelio
788 2227 987 2278 excellentissi-

187 2309 259 2345 mum
271 2295 401 2345 virtutem
413 2295 534 2346 Crastini
546 2293 645 2360 fuisse,
667 2298 826 2364 optimeque
838 2311 900 2348 eum
912 2297 945 2354 de
956 2313 986 2349 re

187 2364 316 2416 meritum
328 2364 477 2418 iudicabat.
506 2367 549 2418 Ex
559 2365 728 2434 Pompeiano
740 2367 863 2418 exercitu
876 2367 987 2419 circiter

187 2433 439 2503 milia'quindecim
456 2436 592 2488 cecidisse
603 2436 779 2488 ridebantur:
801 2436 851 2487 sed
871 2437 900 2488 in
912 2435 985 2488 dedi·

186 2502 291 2554 tionem
308 2512 448 2556 venerunt
464 2506 580 2573 amplius
601 2506 679 2558 milia
698 2511 818 2574 quatuor
833 2509 862 2557 et
877 2507 985 2574 rn'ginti:

185 2573 316 2639 (namque
327 2573 410 2624 etiarn
422 2573 566 2638 cohortes,
587 2591 657 2642 quae
673 2576 811 2646 praesidio
822 2575 851 2626 in
862 2574 985 2630 castellis

187 2637 308 2701 fuerant,
320 2655 381 2692 sese
394 2641 487 2694 Sullae
502 2644 689 2708 dediderunto
707 2645 788 2696 multi
797 2653 944 2713 praeterea
955 2646 984 2697 in

161 2765 163 2772 Α
186 2704 318 2760 tinitinras
329 2709 455 2763 tilitates
468 2711 644 2780 refugerunt,
665 2715 798 2784 signaque
810 2716 941 2770 militaria
951 2727 985 2770 ex
