2124 3154
328 235 643 290 FRAGMENTA.
834 235 885 292 523

84 341 130 405 (ai.
141 339 216 406 iulii)
228 340 344 394 Caesari
354 341 440 393 Orion
454 341 586 393 exoritur.
604 338 695 394 Pauio
701 350 779 410 post.-
792 341 886 396 xi'tit

82 413 144 468 Kal.
155 413 281 481 Augusti,
297 413 427 479 Aegypto
439 411 538 478 Aquila
549 411 650 463 oceidit
660 414 806 480 matutine,
822 412 885 466 Ete-

82 485 240 549 sianrnrque
250 481 393 548 prodromi
402 479 486 532 ssatus
495 481 640 548 incipiunt,
661 481 734 550 quod
746 483 850 534 Caesar
860 481 887 535 X

83 551 146 605 lini.
156 553 262 605 sentire
273 550 383 604 ltaliam
394 551 573 602 existimarit.
600 550 691 604 Paulo
697 561 778 620 post:
788 551 889 618 Aquila

83 623 191 677 Atticae
207 621 346 673 matutino
364 620 478 672 occidit:
508 620 549 672 lli
563 620 628 674 Kal.
642 622 760 689 regiain
772 629 888 688 pectore

83 692 187 744 Leonis
207 691 294 743 steila
318 691 456 743 matutino
478 691 588 744 Caesari
611 690 794 760 immergitur.
840 689 889 746 Ex
934 691 938 694 ’

87 761 157 814 Ptin.
169 759 214 814 iii.
227 759 267 813 18.
279 776 339 829 cap.
349 760 392 812 28.

386 826 579 883 Desidet-ibus

85 899 166 952 stiam
177 899 283 970 aliquid
287 899 424 968 poeticum
435 900 528 953 edidit.

137 967 192 1022 Sed
207 985 259 1022 noe
274 972 374 1038 aliquis
388 985 476 1037 paene
486 970 652 1024 Latinorum
669 970 703 1023 de
714 967 765 1023 hae
779 975 840 1021 arte
850 970 890 1020 in·

84 1041 239 1092 stitutionis
250 1040 339 1093 libros
355 1041 483 1106 scripsit,
515 1041 568 1092 nisi
583 1055 685 1110 pancos
694 1055 791 1093 sersus
803 1039 890 1092 iulius

87 1111 205 1174 caesar,
235 1117 264 1162 et
278 1111 353 1176 ipsos
363 1115 458 1161 tumen
475 1110 511 1162 de
530 1111 623 1162 alieno
639 1127 723 1180 opere
737 1115 890 1162 mutuatus.

84 1179 138 1234 lui.
148 1177 413 1233 annuntiantes.
423 1179 468 1232 lid.
478 1179 504 1230 2.
515 1181 633 1234 ineunte.

5 1259 6 1320 j
137 1251 293 1304 Exsecutus
314 1256 358 1301 est
379 1249 463 1301 etiarn
478 1250 578 1303 horum
596 1249 724 1303 Siderum
742 1261 891 1300 numerum

5 1321 6 1328 ’
85 1318 891 1383 Graeeerirams,Poetadisertissinsus:Latinaverocae·

5 1391 6 1416 ³
84 1406 141 1455 sar,
152 1395 180 1443 et
191 1389 276 1441 decus
287 1390 463 1456 eloquentiae
474 1389 593 1442 'l'uiliua
621 1389 676 1442 Sed
685 1391 709 1440 si
720 1393 829 1440 tantum
841 1403 890 1440 no·

5 1457 6 1466 ’
83 1462 161 1514 urina
170 1461 295 1528 ipsorum
315 1464 457 1522 et¹ortus,
487 1475 543 1511 non
554 1465 645 1512 auteur
657 1459 890 1526 apotelesmaturn

84 1529 283 1582 auctoritatem
303 1527 463 1582 ediderunt:
495 1529 536 1581 ita
551 1535 584 1580 ut
594 1527 822 1583 rnihivideantur
832 1543 889 1580 non

83 1599 179 1668 aliqua
188 1599 365 1666 astrologiae
376 1598 507 1662 scientio,
535 1601 584 1652 sed
595 1599 705 1665 poetica
716 1600 809 1666 potius
821 1598 890 1650 elati

83 1670 213 1732 tinentia,
245 1668 344 1727 dooiiia
364 1670 502 1723 sermonis
521 1668 614 1722 studia
634 1668 794 1737 protulisse.
835 1667 888 1720 iul.

4 1799 5 1814 ἢ
82 1739 220 1796 usonem
230 1737 275 1792 tit.
286 1738 310 1789 8.
322 1735 378 1794 ou

136 1879 260 2000 Reiiguit
270 1884 299 1931 et
309 1877 344 1930 de
353 1876 491 1947 Analogia
500 1877 589 1932 libros
600 1877 685 1944 duos,
707 1883 737 1931 et
748 1879 888 1931 Anticato-

82 1963 134 2002 nes
144 1951 198 2001 toti
220 1965 282 2012 em,
304 1964 337 2000 ao
346 1955 492 2016 praeterea
501 1948 621 2022 Poema,
642 1948 715 2018 qnod
726 1949 889 2002 inscribitur

82 2019 150 2072 lter.
187 2019 311 2081 Quorum
324 2018 458 2072 librorum
468 2020 582 2086 primos,
594 2020 623 2071 in
635 2021 756 2071 transitu
766 2018 888 2084 Alpium,

413 1807 556 1862 I’oemata.

82 2103 146 2142 oum
157 2103 193 2140 ex
204 2088 337 2140 citeriore
349 2087 444 2140 Gallia
451 2125 460 2152 ,
490 2091 673 2142 conventibus
685 2088 822 2155 peractis,
851 2087 886 2138 ari
961 2093 963 2098 '

83 2157 237 2210 exereitum
248 2157 371 2221 rediret3
391 2164 550 2225 sequentes,
572 2160 623 2210 sub
634 2157 886 2224 tempusiiiuuden·

82 2227 124 2279 sis
135 2226 237 2296 proelii
249 2227 328 2278 feeit:
341 2229 538 2292 novissimum,
549 2226 613 2279 dum
627 2227 661 2279 ab
667 2227 740 2278 Urbe
751 2228 779 2276 in
787 2225 886 2293 Hispa-

82 2297 158 2386 niam
175 2295 341 2348 ulteriorem
351 2295 392 2350 lv
401 2299 426 2361 s)
438 2296 585 2350 etXXdie
601 2295 735 2365 pervenit.
773 2293 886 2350 Saenia

84 2365 203 2420 Laetare
212 2382 271 2470 Ἥ
281 2363 322 2418 50.

118 2435 137 2480 ⁰)
146 2434 185 2472 vu
193 2445 219 2471 tx
279 2445 305 2470 ex
314 2431 414 2470 Strabone
422 2439 442 2471 et
451 2432 542 2484 Appias.
553 2431 692 2471 Cassubonus.

134 2499 275 2552 Feruntur
285 2504 314 2550 st
325 2513 341 2549 a
351 2513 436 2565 puero
449 2504 478 2552 et
487 2500 521 2552 ab
533 2498 883 2566 adolescentuloquaedanr

81 2571 199 2638 seripta3
226 2574 258 2619 ut
268 2567 375 2621 Laudes
386 2568 525 2636 Herculis,
545 2569 694 2638 tragoedia
704 2566 823 2637 Oedipus
834 2575 884 2618 ete.

81 2655 152 2724 quos
163 2653 260 2692 omnes
270 2637 381 2691 libellos
390 2641 480 2693 vetuit
487 2642 631 2711 Augustus
640 2639 786 2709 publicari.
809 2635 882 2689 Suet.

4 2709 5 2718 ³
80 2707 249 2770 tractatore,
269 2725 292 2760 e.
302 2705 344 2760 56.

134 2779 203 2834 Olus
214 2793 323 2849 quoque
332 2779 463 2837 silvestre
474 2786 503 2836 et
512 2779 597 2838 triunr
609 2780 754 2846 foliorum,
775 2773 811 2832 D.
820 2775 883 2832 iulii
