2152 3132
120 195 122 200 ’
172 201 221 254 tus
361 198 416 252 Dll
432 199 582 268 BELLO'
594 195 782 252 ertu'cho

169 289 294 367 videtur,
313 319 349 355 ne
360 305 422 371 quis
433 319 466 354 er
479 302 558 370 plebe
569 271 667 354 contra
676 304 862 368 potentiorem
875 301 973 355 auxilii

169 379 277 444 egeret:
308 389 373 425 suos
388 374 461 424 enim
476 375 593 441 quisque
608 374 724 439 opprimi
740 373 972 425 etcircumveniri

168 461 227 498 nun
236 445 351 512 patitur,
365 457 465 510 neque,
477 443 561 494 uliter
571 443 595 493 si
605 441 717 506 faciant,
726 442 812 494 ullam
823 443 896 494 inter
905 458 972 494 suos

169 513 274 568 babent
283 514 488 566 auctoritatem.
524 513 602 565 llaec
612 513 709 564 eadem
724 515 798 564 ratio
809 515 888 564 estin
898 527 976 564 sum·

169 582 447 637 matotiusGalliue:
467 597 586 650 namque
596 597 693 634 omncs
703 584 830 635 civitates
838 585 974 650 inpartes
1048 639 1049 642 ,

170 655 276 708 divisae
286 657 352 704 sunt
364 651 440 705 duas.
577 677 589 692 -ι
752 675 755 680 ·
796 693 798 698 ,
885 685 887 692 1

223 724 284 775 Xll.
303 723 395 785 enum
407 724 509 774 caesar
518 723 548 773 in
559 723 678 775 Gelliam
688 723 775 786 venit,
805 719 923 773 alterius
934 719 975 772 ia·

101 805 104 810 ‘
171 794 272 848 etionis
282 793 421 859 principes
431 796 512 844 erent
521 793 623 856 Aedui,
643 792 759 846 alterius
770 791 899 860 Sequani.
935 792 975 843 lli

172 879 255 933 quum
263 877 317 928 :per
327 878 357 914 se
368 864 458 914 minus
467 862 601 926 valerent,
617 861 691 930 quod
701 877 811 913 summa
821 860 974 914 auotoritas

171 933 325 998 antiquitus
342 936 403 982 erat
417 931 445 981 in
454 931 573 994 Aeduis,
604 945 776 1000 magnaeque
787 945 882 983 eorum
894 935 976 984 erant

172 1000 499 1063 clientelaesGermanos
510 1006 594 1068 atque
603 1002 770 1052 Ariovistum
781 1001 833 1052 sibi
845 1001 977 1052 adiunxe-

172 1077 237 1126 rant
247 1085 349 1136 eorque
360 1069 395 1121 ad
406 1071 977 1138 semagnisiacturispollicitatienibusque

173 1139 370 1210 perduxerant.
406 1138 525 1192 Proeliis
539 1154 606 1190 vero
626 1140 814 1206 compluribus
835 1139 916 1192 sactis
934 1155 978 1192 se·

173 1209 295 1272 cun'dis,¹
312 1215 397 1278 atque
408 1209 640 1262 omninobilitate
650 1209 807 1262 Aeduorum
818 1210 978 1272 interiecta,

173 1287 282 1332 tentum
294 1281 420 1346 potentia
434 1284 655 1343 antecesserant,
683 1287 716 1330 ut
729 1295 856 1348 magnam
865 1286 977 1348 partem

173 1351 316 1403 clientium
328 1350 362 1401 ab
373 1349 475 1402 Aeduis
490 1349 526 1402 ad
540 1365 571 1401 se
586 1350 801 1404 transducerent
811 1351 977 1417 obsidesque

174 1422 209 1474 ab
229 1421 263 1470 iis
278 1421 437 1486 principum
451 1419 527 1472 lilios
541 1422 699 1486 acciperent
713 1425 742 1472 et
759 1421 866 1486 publice
882 1423 977 1472 iurare

174 1494 321 1557 cogerent,
341 1487 411 1540 nibil
422 1505 451 1540 se
463 1495 560 1542 contre
571 1489 714 1558 Sequanos
725 1490 833 1542 consilii
844 1491 977 1552 inituroa3
1061 1539 1062 1550 ,

175 1565 320 1626 etpurtem
331 1559 441 1610 linitimi
452 1563 522 1627 agri,
543 1575 593 1626 per
602 1563 837 1626 vimoccupatam,
857 1559 979 1627 posside-

174 1635 239 1681 rent
249 1627 412 1696 Galliaeque
422 1631 705 1695 totiusprincipatum
716 1629 883 1680 obtinerent
913 1630 978 1690 Qus

174 1699 343 1752 necessitate
354 1696 490 1748 adductus
495 1699 660 1760 mutianus,
671 1698 768 1749 auxilii
779 1698 890 1765 petendi
900 1711 978 1748 caus·

175 1783 208 1820 sa
218 1769 332 1820 Romam
344 1767 380 1817 ad
390 1772 517 1818 senatum
529 1766 681 1832 profectus,
690 1765 796 1818 insecta
805 1781 836 1818 re
846 1766 977 1818 redierat.

174 1837 301 1890 Adventu
312 1836 438 1886 Caesaris
445 1834 523 1887 lacta
529 1836 746 1892 commutatione
756 1843 859 1898 rerum,
870 1835 978 1886 obsidi-

174 1906 227 1958 bus
241 1905 343 1956 Aeduis
358 1902 490 1967 redditis,
517 1904 660 1957 veteribus
676 1903 813 1957 clientelis
828 1906 976 1968 restitutis,

174 1976 254 2026 novis
263 1987 313 2039 per
322 1974 469 2024 caesarem
481 1974 663 2040 comparatis,
682 1974 821 2042 (quodhi,
840 1977 888 2042 qui
899 1989 929 2025 se
940 1974 976 2025 ad

175 2059 272 2096 eorum
284 2043 433 2094 amicitiam
444 2042 675 2112 adgregaverant,
689 2044 806 2097 meliore
817 2044 977 2097 conditione

173 2120 259 2182 etque
269 2113 401 2181 aequiore
411 2113 527 2180 imperio
538 2129 568 2165 se
577 2114 767 2178 utividebant)
778 2115 890 2182 reliquis
895 2114 977 2166 rebus

176 2199 282 2247 eurum,
302 2184 402 2250 gratia,
421 2182 559 2251 dignitate
569 2183 751 2250 amplificata,
771 2183 894 2252 Sequani
904 2185 978 2250 prin-

175 2256 296 2322 eipatum
311 2253 484 2305 dimiserant
519 2254 552 2305 ln
562 2267 657 2306 eorum
672 2253 765 2306 locum
781 2255 978 2307 Remisuoces·

175 2329 286 2387 aerunt3
306 2337 375 2391 quos
385 2322 461 2391 quod
472 2321 631 2390 adaequare
642 2323 714 2390 apud
723 2325 870 2376 Caesarem
883 2325 978 2392 gratia

175 2393 404 2461 intellegebatur,
427 2393 461 2455 ii,
489 2394 535 2460 qui
555 2397 668 2462 propter
686 2400 796 2446 veteres
816 2394 977 2447 inimicitias

175 2461 349 2516 nullomodo
361 2478 422 2514 cum
432 2461 533 2514 Aeduis
545 2465 674 2532 coniungi
686 2469 826 2530 poterant.
845 2479 876 2515 se
887 2463 979 2514 Remis

175 2535 206 2588 in
217 2532 374 2587 clientelam
385 2531 521 2584 mebant
539 2532 601 2584 Hos
611 2533 652 2586 illi
664 2533 978 2602 diligentertuebantur.
999 2547 1003 2557 ¹

174 2603 220 2656 lta
231 2609 369 2656 etnovam
379 2607 534 2670 strepente
544 2603 691 2656 collectum
701 2607 895 2656 auctoritatem
901 2607 978 2653 tene·

175 2671 252 2724 bant.
289 2674 331 2724 Eo
342 2676 401 2722 tum
413 2677 545 2724 staturos
556 2678 626 2738 erat,
644 2679 677 2726 ut
686 2673 771 2742 longe
784 2675 922 2742 principes
932 2668 979 2721 be·

175 2739 309 2861 bppentnr
323 2740 430 2864 iAedui,
455 2741 611 2820 ¹seeundum
628 2743 721 2799 locum
741 2737 884 2817 dignitatis
898 2738 977 2795 Remi

176 2823 193 2862 o
226 2824 323 2864 meren
