2168 3134
185 189 237 249 sos
376 187 432 240 on
450 185 596 250 nureo
615 171 801 247 esseron

184 293 291 350 sumum
303 296 333 346 et
344 289 483 346 ῆιιιιιιιιιι
492 289 686 345 densissimam
697 291 843 344 timerent
836 295 894 355 ‚tn
905 309 932 344 ss
919 293 995 362 qni

185 353 311 430 cupidius
322 362 506 424 intraverant,
524 361 570 410 vix
581 375 695 412 suerunt
707 361 764 443 ipsi
774 362 885 428 prissres
895 371 995 428 partes

186 434 366 485 adverterent
376 446 526 500 equoruni3
544 427 661 482 insidias
671 432 766 492 veriti,
776 431 895 488 liberans
904 431 996 483 fucul-

185 509 273 554 tatem
285 499 492 568 suireoipiendi
503 499 658 552 Bellouacis
676 499 900 552 dedenuntiat
915 501 995 570 iuga,

183 573 294 624 timoris
310 571 394 624 simul
408 566 625 638 calliditatisque
639 571 736 644 plena,
756 573 815 622 sine
831 571 889 622 ullo
905 570 994 622 detri-

185 647 280 694 mento
296 641 374 692 milia
390 655 445 692 non
463 639 585 706 amplius
597 639 646 690 Χ
637 642 780 708 progressi
797 639 906 704 hostes,
928 641 993 692 loeo

184 711 375 766 nunnitissisno
386 715 651 775 eastraposnerunt.
679 710 757 773 inde,
769 725 949 778 quamsaepe
961 711 994 761 in

184 780 295 834 insidiis
312 781 420 848 equites
437 779 600 846 peditesque
617 779 811 846 disponerent,
831 795 934 848 rrragna
945 780 992 832 de·

185 850 319 906 tnimentu
330 849 465 902 Romanis
475 850 502 898 in
515 848 742 913 pabulationibus
753 848 920 902 inferebant

236 919 325 972 xvii
343 918 424 981 Quod
435 933 518 984 quoin
530 919 654 970 erebrius
667 919 820 983 accideret,
835 934 871 971 ex
880 920 993 986 captivo

185 988 306 1058 quodum
326 989 463 1054 eonsperil:
483 989 596 1051 Caesar,
618 989 761 1050 Corraunr,
776 989 993 1040 Bellovacorum

184 1059 291 1120 ducens,
312 1057 532 1110 fortissimorum
548 1059 628 1108 milia
638 1059 675 1110 Vl
692 1058 817 1124 peditans
840 1059 992 1126 delegisse,

184 1130 347 1196 equitesque
364 1142 398 1179 ox
414 1129 490 1178 omni
510 1142 625 1179 numero
642 1127 685 1190 M,
707 1143 777 1195 quos
792 1129 820 1178 in
836 1128 945 1179 insidiis
958 1143 993 1180 eo

182 1197 244 1252 loeo
255 1197 421 1260 oollooarot,
441 1211 523 1264 quern
534 1198 561 1250 in
577 1197 806 1264 loeun1,propter
816 1199 922 1264 copiam
935 1197 995 1250 irn-

184 1270 271 1320 menti
282 1283 315 1320 ao
324 1233 427 1335 pabuli,
437 1267 577 1318 Romanos
588 1267 749 1334 pabulatum
761 1269 898 1318 missuros
905 1269 994 1334 suspi-

185 1338 305 1390 teretur.
342 1337 403 1400 Quo
416 1339 528 1404 eognito
540 1337 665 1401 consilio,
683 1337 785 1388 Caesar
795 1337 922 1404 legiones
932 1337 994 1404 plu·

185 1424 240 1470 res,
261 1423 342 1476 quarn
353 1407 472 1470 solebat,
490 1406 600 1470 adunit,
620 1409 843 1474 equitatumque,
864 1421 994 1474 quados·

185 1477 335 1530 suetudine
344 1477 555 1544 pabulatoribus
566 1477 677 1528 mittere
688 1476 992 1543 praesidiuconsusnaa

184 1549 349 1614 praemittit.
368 1547 444 1598 Huio
458 1548 612 1613 interponit
622 1548 725 1598 auxilia
736 1546 805 1597 luris
817 1553 990 1597 wolmarus:

183 1620 243 1684 ipse
259 1633 321 1671 cunr
337 1617 508 1685 legionibus,
530 1630 612 1684 quani
623 1622 723 1682 potest
736 1617 869 1679 maxime,
890 1615 990 1684 adpro·

202 1687 231 1738 in
250 1693 307 1738 nab

183 1701 201 1754 p
220 1702 338 1808 glvlll.
356 1754 500 1806 Hostesin
513 1754 623 1806 insidiis
632 1754 767 1822 dispositi,
783 1755 930 1822 qunnnsibi
943 1755 990 1808 de·

182 1824 318 1890 legissent
338 1839 464 1890 eampum
481 1825 593 1877 adrem
612 1826 772 1892 gerendum,
794 1839 850 1875 non
872 1825 990 1892 atriplius
1039 1863 1041 1866 ι

183 1899 327 1960 patentem
337 1893 368 1943 in
380 1908 479 1946 omnes
488 1901 581 1962 partes
591 1895 718 1962 passibus
729 1895 768 1959 M,
779 1895 855 1945 silvis
866 1895 988 1963 undique

183 1963 401 2028 impeditissimis
412 1968 461 2014 aut
472 1963 610 2016 altissimo
621 1963 734 2016 ssunrine
745 1966 895 2026 munitum,
913 1966 988 2016 velut

182 2033 314 2100 indagine
325 2031 399 2084 lione
412 2033 520 2084 insidiis
532 2033 785 2086 circumdederunt.
821 2034 931 2097 Nostri,
944 2049 987 2084 er·

183 2101 555 2172 ploratohostiumeonsilio
562 2139 571 2168 ,
591 2103 626 2156 ad
637 2105 830 2171 proeliandum
842 2107 935 2155 animo
947 2110 987 2154 nt·

105 2197 113 2212 ·
184 2188 239 2244 quo
256 2173 340 2224 arinis
360 2175 459 2239 parati,
480 2187 564 2240 quum
583 2174 815 2242 subsequentibus
831 2174 987 2242 legionibus

183 2244 290 2296 nullam
306 2243 512 2296 dimicationem
530 2250 706 2307 reeusarent,
728 2245 985 2294 turmsunidneun

183 2313 275 2366 lotum
287 2313 468 2364 desererent
495 2313 617 2375 Quorum
630 2313 750 2366 adventu
762 2314 909 2380 quunnsibi
922 2313 986 2364 (lor-

184 2399 250 2438 reus
261 2382 384 2434 oblatam
400 2383 579 2434 occasionem-
589 2385 631 2434 rei
647 2382 786 2449 gerendas
803 2383 985 2446 existimaret,

183 2455 301 2518 prinlum
324 2468 386 2504 curn
407 2454 503 2518 paucis
518 2469 550 2504 so
563 2453 687 2504 ostendit
702 2458 787 2519 atque
802 2452 829 2502 in
847 2452 985 2517 proximas

182 2527 292 2574 tornius
300 2521 435 2586 impeturn
447 2522 523 2574 feeit.
560 2520 656 2576 Nostri
668 2527 831 2572 constanter·
845 2523 987 2574 inscensum>

182 2589 323 2640 sustinent
334 2590 550 2652 ἱιιιίιὶίιιιιιιιιιιις
556 2604 645 2656 neque
654 2591 786 2656 pluresin
798 2604 882 2640 unuin
894 2589 987 2641 loourn

182 2659 370 2718 eonsoniunt,
392 2659 465 2724 quod
487 2658 651 2724 plerumque
673 2659 849 2725 equestribus
869 2658 988 2724 proeliis

181 2738 265 2788 quum
275 2728 389 2788 proptor
399 2726 517 2792 aliquem
530 2728 660 2778 timorem
671 2728 788 2790 antidit.
791 2734 850 2778 turn
861 2727 981 2780 turullius·

183 2789 268 2841 ‹line'
260 2805 383 2856 ipsornrn
395 2793 592 2846 detrimentum
607 2794 750 2852 accinitur
