2152 3132
380 133 534 189 aman
558 136 619 190 vu.
855 133 928 204 ιω,

96 238 233 294 Viennam
243 239 378 306 pervenit.
413 238 454 289 lbi
472 248 570 292 nactus
585 245 725 292 recentem
738 239 903 307 equitatum,

95 325 178 378 quem
190 308 284 360 multis
295 314 359 360 ante
371 308 467 358 diebus
478 327 511 362 eo
522 312 714 378 praemiserat,
729 323 818 376 neque
829 309 901 360 diur-

95 396 134 432 no
150 393 239 446 neque
255 385 394 430 nocturno
405 379 507 432 itinere
517 382 693 443 intermisso,
711 378 842 446 pertines
852 383 903 430 Ae·

95 450 217 504 duorum
236 449 266 500 in
284 447 428 516 Lingones
444 450 609 513 contendit,¹
625 451 672 500 ubi
690 450 761 500 dirae
775 448 902 515 legiones

95 519 268 581 hiemabant,
285 525 325 579 ut,
340 519 365 568 si
375 518 442 585 quid
453 522 538 571 etiam
551 519 585 571 de
596 534 648 570 sua
657 518 749 570 salute
759 518 794 569 ab
800 518 903 569 Aeduis

96 590 219 640 iniretur
228 587 336 640 consilii
343 623 351 650 ,
370 587 516 641 celeritate
526 595 731 656 praecurreret.
767 589 903 654 quuum

97 658 288 727 pervenisset,
305 657 341 708 ad
354 657 477 724 reliquas
493 661 620 727 legiones
640 659 742 720 mittit,
769 658 904 724 priusque

98 742 195 780 omnes
211 727 240 776 in
256 742 342 778 unum
356 727 446 778 locum
461 732 548 797 cogit,
572 742 652 796 quam
669 727 703 778 de
714 729 774 779 eius
785 726 904 778 adventu

98 797 232 850 Arvernis
247 797 373 849 nunciari
388 805 492 863 posset.
527 799 589 848 llac
602 799 769 864 recognita,
792 796 905 848 Vercin-

98 868 213 937 getorix
223 881 321 918 rursus
331 867 360 916 in
371 866 515 936 Bituriges
527 871 679 920 exercitum
692 867 905 934 reducitatque‚

97 937 164 990 inde
176 935 319 1002 profectus
331 935 512 1003 Gergoviam,
531 939 663 989 Boiorum
675 936 814 1004 oppidum,
834 950 905 1005 quoe

98 1009 138 1059 ibi
154 1006 300 1058 Helvetico
314 1006 422 1070 proelio
437 1009 525 1058 victos
540 1009 644 1058 Caesar
663 1008 845 1058 collocaverat
856 1007 910 1056 Ae-

99 1077 219 1143 duisque
229 1075 419 1139 adtribuent,
438 1092 600 1144 oppugnare
611 1078 742 1127 instituit.

153 1147 186 1196 X.
206 1145 338 1211 Magnam
350 1143 417 1197 haec
427 1148 589 1197 resb'aesari
601 1145 789 1196 dillicultatem
802 1145 909 1195 adcon.

99 1217 192 1267 silium
204 1213 366 1280 capiendum
379 1214 535 1267 adferebat:
552 1217 574 1265 si
586 1215 720 1282 reliquam
732 1222 838 1280 partem
850 1213 906 1264 bie·

98 1287 152 1336 nris
168 1299 223 1336 uno
240 1287 268 1333 in
284 1283 346 1335 luco
363 1284 487 1352 legiones
504 1287 672 1345 contineret,
693 1300 736 1345 ne,
756 1284 906 1350 stipendia·

100 1356 152 1406 riis
167 1353 324 1406 Aeduorum
343 1357 521 1422 expugnatis,
542 1359 642 1406 cuncta
657 1352 750 1404 Gallia
764 1353 905 1413 deiiceret,

99 1424 174 1492 quod
186 1423 291 1474 nullum
303 1425 398 1474 anricis
410 1427 437 1474 in
448 1440 485 1474 co
492 1423 660 1490 praesidium
672 1423 905 1488 rideretpositum

100 1509 174 1544 esse:
189 1494 230 1546 sin
242 1494 377 1544 maturius
388 1508 421 1544 cx
432 1493 553 1545 hibernis
565 1493 703 1554 educeret,
719 1507 753 1543 ne
765 1492 798 1541 nb
810 1507 841 1542 re
852 1491 905 1542 lru-
989 1523 991 1529 -

100 1564 239 1614 rnentaria
254 1562 329 1612 duris
339 1564 561 1616 subvectionibus
574 1563 721 1614 laboraret.
759 1561 905 1612 Praestare

97 1634 189 1684 ‚visum
201 1634 360 1691 esttamen,
380 1648 476 1684 anrncs
487 1634 664 1692 difficultates
676 1633 796 1698 perpeti,
815 1646 907 1698 quam,

99 1708 182 1765 tanta
196 1701 364 1763 cerrtumelia
380 1710 504 1769 accepta,
524 1705 646 1754 omnium
658 1717 769 1752 suorum
782 1702 911 1751 uolunta-

102 1778 145 1828 tes
160 1771 292 1822 alienare.
328 1773 423 1838 ltaque
443 1771 603 1824 cohortatus
617 1772 727 1824 Aeduos
742 1770 776 1823 de
793 1785 907 1842 suppor-

100 1841 187 1897 tando
208 1839 377 1903 commeatu,
397 1843 552 1908 praemittit
572 1842 607 1893 ad
626 1842 724 1904 Boios,
745 1844 792 1910 qui
812 1842 906 1894 desub

100 1911 221 1962 adventu
240 1910 360 1960 doceant
374 1908 589 1980 hortenturque,
613 1915 687 1962 utin
703 1913 758 1964 lide
773 1917 906 1982 maneant

100 1986 185 2046 atque
210 1979 329 2030 bostium
354 1982 488 2047 impetum
508 1997 607 2049 magno
628 1985 719 2032 aninlo
740 1985 906 2036 sustinuerit·

101 2050 216 2100 Duabus
230 2049 362 2116 Agendiei
379 2048 536 2118 legionibus
551 2058 634 2118 atque
650 2051 854 2118 impedimentis
864 2057 906 2100 to·

99 2120 155 2170 tius
166 2121 306 2170 exercitas
316 2119 433 2181 relictis,
452 2121 485 2172 ad
497 2121 582 2172 Boios
593 2123 785 2186 proficiscitur.
808 2151 809 2156 =

153 2187 202 2240 Xl.
222 2187 319 2242 Altero
335 2189 380 2242 die
394 2205 476 2257 quum
492 2191 526 2242 ad
544 2191 673 2257 oppidum
691 2190 831 2241 Senonum
842 2187 905 2241 Vel-

100 2257 290 2309 launodunum
301 2260 423 2312 venisset
428 2297 437 2323 ,
451 2276 486 2312 ne
498 2275 578 2328 quern
589 2267 652 2325 post
662 2275 692 2309 sc
703 2258 811 2309 bostem
822 2258 907 2309 relin-

97 2333 210 2394 queret,
228 2342 282 2394 quo
294 2329 466 2394 expeditiore
477 2345 507 2379 rr
519 2329 702 2379 frumentaria
713 2333 847 2391 uteretrir,
858 2343 905 2394 op·

99 2408 222 2458 pugnare
238 2396 363 2446 instituit
373 2396 456 2463 idque
468 2397 553 2448 biduo
566 2394 793 2445 circumvallavit:
817 2400 902 2450 tertio

98 2461 142 2516 die
156 2461 249 2514 missis
261 2479 296 2516 ex
308 2465 410 2532 oppido
422 2467 524 2534 legatis
535 2464 569 2516 dc
581 2461 736 2526 deditione,
751 2479 829 2517 arura
839 2481 902 2535 pro.

98 2530 180 2588 ferri.
198 2532 325 2586 iumenta
336 2533 466 2602 produci,
486 2537 535 2587 Dc
546 2533 657 2584 obsides
669 2533 728 2584 dari
740 2535 825 2588 iubet.
862 2539 904 2591 Ea

98 2602 144 2667 qui
157 2603 316 2668 conticeret,
326 2606 532 2658 G.·l'rcbonium
545 2604 667 2672 legatum
679 2605 821 2673 relinquit:
833 2608 904 2674 ipsc,

55 2691 59 2698 ·
100 2677 130 2722 ut
151 2685 233 2738 quam
253 2676 371 2740 primum
389 2674 564 2728 iterfeceret
579 2674 723 2728 Genabum
740 2677 903 2743 Carnutum,
