2152 3132
382 189 532 254 LIBER
558 198 599 253 ·V.
707 191 711 201 ’
842 199 892 255 llll

77 317 138 356 non
150 307 285 372 suspecta
304 303 395 356 nobis.
433 303 520 372 idque
537 303 608 356 adeo
624 303 698 356 baud
715 306 773 357 scio
789 306 891 358 miran-

76 372 188 424 dumne
198 375 246 437 sit,
263 389 347 442 quum
359 373 548 440 compluribus
564 373 628 425 aliis
639 374 674 426 de
686 375 806 437 caussis,
829 379 890 427 tum

78 444 216 506 maxime,
236 443 319 511 quod,
340 445 387 510 qui
402 445 509 494 virtute
523 443 591 494 belli
608 446 737 496 omnibus
758 445 890 512 gentibus

80 512 330 579 praeferebantur,
351 518 460 564 tantum
476 527 507 564 se
523 514 585 564 eius
607 514 747 581 opinionis
764 513 892 579 deperdi-

79 583 171 646 disse,
182 587 215 634 ut
225 583 354 651 apopulo
364 583 493 635 Romano
503 584 623 650 imperia
633 583 810 650 perferrent,
830 599 893 652 gra·

80 654 200 704 tissime
211 653 354 705 dolebant.

135 722 198 774 LV.
221 725 333 774 'lieviri
343 737 410 774 vero
422 726 506 790 atque
516 721 723 774 indutiomarus
734 724 823 775 totius
834 720 893 773 bie·

82 793 137 844 mis
150 792 258 843 nullum
270 799 381 859 tempus
396 794 626 855 intermiserunt,
647 795 714 860 quin
731 798 811 844 trans
823 791 895 845 llbe-

82 876 151 913 num
163 862 276 930 legatos
287 865 444 926 mitterent,
460 864 590 914 civitates
600 863 798 925 sollicitarent,
815 877 895 932 pecu·

83 933 148 984 nias
158 932 376 998 pollicerentur,
390 947 493 1000 magna
504 939 585 1000 parte
597 934 738 984 exercitus
750 936 842 985 nostri
854 935 895 983 in·

84 1000 217 1064 terfecta,
229 1003 317 1054 multo
329 1005 465 1053 minorem
476 1017 626 1070 superesse
636 1003 765 1054 dicerent
774 1010 894 1071 partem.

85 1070 184 1138 Neque
200 1077 295 1122 tamen
315 1071 367 1123 ulli
387 1073 495 1123 civitati
512 1073 717 1125 Germanorum
729 1073 894 1141 persuaderi

86 1142 192 1209 potuit,
212 1147 245 1192 ut
257 1141 386 1192 Rhenum
402 1143 554 1206 transiret,
574 1159 698 1210 querare
714 1141 755 1194 tie
770 1152 895 1210 expertos

85 1213 231 1275 dicerent,
252 1210 387 1263 Ariovisti
401 1210 468 1263 bello
485 1220 513 1264 et
525 1211 753 1265 Tenelitberorum
763 1211 895 1276 transitu,

86 1297 141 1334 aon
156 1295 211 1332 erre
226 1281 342 1349 amplius
357 1283 502 1354 fortunam
517 1283 684 1335 tentandam.
719 1283 781 1334 llae
796 1298 845 1351 spe
857 1282 895 1333 la·

86 1367 156 1420 psus
166 1350 386 1414 Indutiomarus,
407 1351 496 1402 nihilo
507 1354 598 1404 minus
609 1355 702 1421 copias
713 1367 825 1420 copore,
847 1345 901 1403 eu-⁸

87 1435 202 1484 ercete,
222 1437 239 1472 a
248 1422 377 1474 linitimis
388 1436 474 1488 equos
485 1437 595 1490 parare,
611 1423 722 1474 exsules
734 1423 895 1473 damnatos-

87 1505 143 1559 que
159 1497 222 1542 tota
232 1490 325 1542 Gallia
340 1493 450 1558 magnis
461 1493 595 1560 praemiis
606 1492 641 1542 ad
657 1507 688 1543 se
699 1490 822 1543 adlicere
833 1505 895 1542 coe-

87 1563 138 1630 pit.
174 1564 213 1613 Ac
222 1566 328 1612 tantam
341 1563 395 1614 sibi
411 1563 467 1614 iani
483 1564 518 1614 iis
530 1563 615 1613 rebus
629 1563 660 1611 in
671 1560 765 1613 Gallia
775 1560 897 1612 auctori·

87 1635 179 1696 tatem
190 1639 413 1700 comparaverat,
432 1639 465 1684 ut
475 1631 599 1698 undique
610 1631 645 1681 ad
656 1645 721 1682 eum
736 1631 897 1698 legationes

90 1708 305 1766 concurrerent,
326 1704 446 1770 gratiam
458 1707 543 1769 atque
555 1701 709 1753 amicitiam
719 1701 829 1768 publice
839 1701 896 1768 pri·

89 1772 232 1839 ratimque
242 1777 382 1838 peterent.

150 1840 222 1893 LVl.
244 1841 296 1891 Ubi
307 1841 448 1892 intellexit
457 1841 533 1894 ultro
545 1841 580 1893 ad
592 1856 622 1893 se
631 1841 737 1906 veniri,
758 1840 850 1893 altera
860 1855 896 1892 ex

90 1915 170 1981 parte
184 1909 310 1962 Senones
322 1912 516 1981 Carnutesque
528 1911 701 1963 conscientia
710 1911 844 1963 facinoris
855 1912 896 1961 in-

90 1980 205 2048 stigari,
226 1981 317 2032 altera
326 1980 446 2034 Nervios
456 1983 668 2049 Aduatucosque
679 1983 784 2034 bellum
795 1983 896 2033 Roma-

91 2052 134 2101 nis
146 2065 260 2117 parare,
281 2065 373 2121 neque
384 2054 437 2104 sibi
448 2052 670 2104 voluntariorum
682 2053 776 2122 copias
787 2051 897 2115 delore,-

90 2121 114 2171 si
125 2135 161 2172 ex
170 2119 274 2173 finibus
290 2125 347 2173 suis
361 2122 493 2189 progredi
510 2124 664 2190 coepisset:
684 2129 820 2174 armatum
833 2135 898 2172 con-

91 2190 184 2241 cilium
193 2192 302 2254 indicit,
316 2184 469 2253 [boemore
480 2191 625 2244 Gallorum
638 2197 683 2243 est
693 2193 805 2242 initium
815 2184 898 2253 belli]

91 2273 146 2328 quo
157 2261 220 2327 lege
231 2262 370 2312 communi
386 2277 483 2313 omnes
496 2262 615 2330 puberes
630 2262 731 2312 armati
746 2263 897 2316 convenire

92 2336 276 2394 consuerunt3
296 2331 342 2398 qui
353 2345 388 2382 ex
399 2333 434 2382 iis
446 2333 611 2383 novissimus
625 2332 719 2392 venit,
739 2332 768 2380 iu
784 2343 898 2398 conspe·

93 2405 139 2452 ctu
150 2400 338 2452 multitudinis
353 2402 481 2453 omnibus
493 2401 664 2452 eruciatibus
676 2399 803 2452 adiectus
819 2399 898 2452 neeass

93 2477 147 2522 tur.
183 2470 214 2520 ln
233 2485 268 2522 eo
278 2471 396 2523 concilio
412 2471 639 2540 cingetorigem,
660 2470 776 2521 alterius
797 2470 898 2535 prinei-

93 2555 156 2608 pem
167 2538 308 2602 factionis,
329 2555 464 2608 generum
475 2555 565 2603 suum,
585 2544 678 2609 (quern
690 2554 775 2605 supra
787 2537 898 2590 demon·

93 2611 250 2673 stravimus,
259 2612 388 2663 caesaris
398 2617 525 2662 secutum
535 2609 630 2674 iidem,
640 2609 674 2663 ab
685 2625 718 2660 eo
730 2624 786 2660 non
797 2609 899 2660 disces·

93 2681 182 2741 sissel'
197 2676 308 2733 hostem
329 2681 435 2733 iudicat
454 2683 583 2749 bonaque
598 2683 657 2733 eius
676 2681 808 2748 publicat.
842 2679 897 2730 llis

95 2749 178 2802 rebus
189 2750 334 2814 conlectis,
354 2751 383 2801 in
394 2752 511 2805 concilio
531 2751 713 2821 pronunciat,
732 2751 896 2805 arcessitum
