2124 3154
295 201 609 254 FRAGMENTA.
812 193 863 247 513

60 301 163 372 γνώμης
182 299 373 370 φιλανθρώπου
393 303 522 368 φανείσης,
543 301 585 350 καὶ
599 296 738 365 τοῦλόγου
755 296 866 354 cataroe

60 370 94 424 ἐπ’
108 369 172 434 αὐτῆ
184 371 320 437 ῥηθέντος,
342 367 373 418 οὐ
381 365 464 436 μόνον
475 371 500 418 οἱ
510 367 575 432 μετά
593 370 688 416 τοῦτον
699 363 865 432 ἀνιστάμενοι

59 426 258 508 προσιτλθεντο,
277 438 370 488 πολλοὶ
387 437 415 486 δὲ
431 437 475 485 καὶ
488 437 540 484 τῶν
555 434 605 502 πρὸ
616 431 697 484 αὐτοῦ
708 434 753 490 τάς
764 435 876 500 εἰρημέέ
940 495 945 506 Ι

59 527 105 564 nnc
123 505 227 572 γνώμας
247 502 417 569 ἀπειπάμενοι
436 503 502 572 πρὸς
513 501 561 564 τὴν
582 505 679 551 ἐκείνου
696 504 866 563 κατέσιηοαν,

59 571 105 631 ἐ’ωζ·
115 575 155 623 ent
166 571 282 623 Κάτωνα
291 571 322 622 ’τὸ
334 577 440 640 πρᾶγμα
451 572 494 621 καὶ
503 566 645 620 Κάτουλον
654 570 805 639 περιῆλθεν.
818 567 866 620 Ex

59 643 135 696 Plat.
145 643 175 694 in
187 641 262 694 Coeo.

317 711 364 764 En
380 710 502 763 oratione
512 709 541 762 in

113 781 158 833 Sic
170 781 214 832 fac
224 782 381 834 existimes:
401 787 463 846 post
474 779 523 830 bas
534 779 668 842 miserias,
683 778 710 829 id
723 784 775 839 cst,
790 784 866 844 post·

61 867 142 918 quam
159 853 244 902 armis
259 851 408 918 disceptari
425 855 552 916 coeptum
570 855 614 900 cst
630 849 663 900 de
676 850 736 899 iure
747 849 867 915 publico,

61 921 130 971 nibil
141 937 203 972 esse
215 926 306 970 actum
318 921 394 971 aliud
409 936 470 970 cum
484 920 628 987 (lignitate.
663 917 733 970 Nam
757 923 786 970 et
807 919 867 984 ipse
927 933 929 938 ·

62 991 165 1042 Caesar
177 996 306 1041 accusata
317 991 468 1041 acerbitate
480 988 607 1040 Marcelli
624 990 675 1052 (sic
688 990 761 1040 enim
771 987 868 1053 appel·

62 1060 148 1122 labat)
160 1060 330 1128 laudataque
340 1059 624 1113 bonorificentissime
632 1061 806 1124 ctacquitatc
818 1063 869 1108 tua

63 1136 91 1180 et
100 1130 257 1194 prudentia,
280 1135 396 1196 repente
409 1135 521 1195 praeter
532 1145 608 1195 spem
621 1129 700 1188 dixit,
720 1143 747 1177 ιι
762 1123 869 1178 sacratui

62 1200 173 1268 roganti
186 1200 215 1250 de
228 1197 367 1262 Marcello,
379 1216 412 1250 nc
423 1197 535 1250 bominis
546 1199 650 1266 quidem
661 1213 743 1249 cauca
754 1205 868 1265 negatu-

63 1286 130 1321 νυνι.
159 1268 206 1321 En
220 1266 358 1321 Ciceronis
368 1267 401 1319 Ιι.
411 1269 477 1321 lod
487 1267 562 1320 Fons.
574 1285 614 1336 ep.
625 1269 650 1319 4.

218 1354 264 1406 En
276 1353 397 1406 oratione
407 1355 437 1406 in
446 1353 548 1424 foenere
564 1352 712 1406 Corneliae.

114 1425 253 1486 Quaestor
264 1425 360 1474 luliam
373 1425 499 1486 amitam,
519 1441 689 1492 uxoremque
699 1423 869 1482 Corneliam,

65 1494 209 1547 defunctas
231 1494 380 1548 laudavite
395 1507 472 1546 nrorc
489 1510 539 1560 pro
552 1497 659 1545 rostris.
695 1493 743 1546 En
755 1493 829 1543 Suet.
840 1493 870 1543 ia

64 1563 140 1616 Coeo.
152 1563 246 1630 cop-6.

131 1631 169 1680 Τὸ
180 1633 233 1697 μὴν
245 1625 289 1680 οὖν
301 1630 341 1680 brt
352 1631 451 1697 γυναιξὶ
470 1633 653 1698 πρεσβυιέραις
668 1629 764 1696 λόγους
778 1632 870 1680 ἐπιτο-

63 1702 138 1766 ιμλους
149 1699 267 1755 διεξιέναι
277 1695 387 1766 πάτριον
397 1693 428 1760 ἠν
444 1695 596 1764 Ῥωμαίοις·
618 1701 685 1755 νιίιις
696 1696 724 1748 δ’
746 1696 791 1748 οὐκ
804 1698 833 1748 ὃν
843 1702 870 1747 lo

64 1772 135 1825 ἔθει,
155 1769 257 1834 πρῶτος
267 1768 334 1815 εἶπεν
346 1768 374 1814 Κ
375 1773 451 1828 cinno
463 1767 502 1816 tat
512 1769 558 1831 τῆς
569 1769 662 1822 ἑαυτοῦ
672 1767 793 1834 γυναικὸς
807 1763 871 1816 cino·

63 1829 208 1897 θανούσης.
245 1835 292 1886 Ex
303 1835 379 1886 Plnt.
390 1834 418 1886 in
430 1833 505 1886 Coeo.

142 1901 184 1954 De
196 1902 230 1954 C:
238 1904 303 1956 latit
316 1903 441 1956 Caesaris
453 1905 621 1958 orationibus
631 1904 792 1957 testimonio.

116 1974 189 2022 Turn
201 1974 317 2025 Brutus:
337 1975 486 2027 Orationes
507 1977 618 2043 quidem
635 1981 695 2028 eius
712 1976 779 2026 mibi
790 1974 870 2026 velic-

552 709 610 737 *tt*

63 2048 174 2094 nrerrtcr
193 2044 356 2109 probantur,
377 2046 534 2112 complures
546 2053 638 2098 autem
652 2047 715 2113 legi,
733 2052 786 2098 etc.
822 2044 870 2096 Ex
956 2045 958 2050 ’

63 2111 121 2163 Cic.
129 2112 158 2164 o'a
169 2109 258 2164 Bruto
273 2130 296 2165 c.
307 2111 349 2164 75.

108 2183 257 2234 Orationes
263 2183 369 2249 aliquas
376 2183 497 2250 reliquit,
508 2188 657 2251 interquas
668 2191 775 2236 temere
788 2199 870 2252 quac·

61 2251 126 2302 dam
138 2250 276 2314 feruntur,
287 2259 319 2302 ut
326 2269 377 2320 pro
390 2251 422 2316 Q.
433 2253 552 2317 Metello,
567 2271 648 2320 quam
661 2270 714 2306 non
727 2256 868 2307 immerito

60 2323 372 2388 Augustusexistimat
394 2326 481 2390 magis
503 2325 536 2374 ab
559 2325 690 2376 actuariis
713 2332 871 2392 exceptam,

61 2391 137 2442 orale
158 2391 391 2457 subsequentibus
413 2395 499 2444 verba
520 2393 649 2456 dicentis,
668 2409 748 2460 quam
761 2395 794 2445 ab
807 2397 869 2462 ipso

63 2461 176 2512 editam.
203 2477 264 2511 iram
279 2463 305 2510 in
318 2462 698 2530 quibusdamexemplaribus
711 2465 823 2517 invenio
835 2479 881 2520 no*

62 2533 222 2598 inscriptam
246 2531 356 2598 quidem
374 2531 560 2598 pro'Mctello,
583 2535 642 2597 sed,
663 2549 743 2602 quom
760 2535 869 2602 scripsit

63 2598 183 2664 Metello,
205 2617 265 2652 curn
279 2615 312 2652 ex
325 2617 445 2667 persona
456 2604 583 2655 Caesaris
595 2619 686 2654 sermo
697 2606 747 2668 sit,
769 2604 869 2657 Metel·

64 2670 131 2730 lum,
147 2685 234 2738 sequa
244 2670 376 2722 adversus
388 2675 572 2724 communium
586 2675 806 2726 obtrectatorum
817 2677 869 2727 cri·

63 2743 230 2861 culpationes
242 2745 395 2810 purgantis.
409 2744 481 2810 apud
494 2745 596 2798 milites
608 2759 718 2815 quoquc
730 2747 759 2796 in
769 2739 868 2813 Hispa·

113 2825 157 2862 ur..
171 2813 251 2864 Cras.
