2124 3154
199 161 253 214 196
455 159 539 220 ,DE
571 159 731 215 Baubo
771 177 776 184 ·

200 267 247 319 lac
259 271 326 318 sunt
340 265 452 320 ablatae
468 265 535 318 Xlll
550 272 585 316 et·
595 266 676 333 signa
690 271 719 317 et
738 256 1009 330 fasces-..praeterea
1046 291 1047 316 l

200 338 286 390 duces
297 335 365 388 belli
378 335 455 392 XVll
466 337 541 402 capti
554 342 623 384 sunt.
652 336 719 388 ,llos
730 334 827 386 habuit
838 349 882 384 res
893 334 995 384 exitus.
1046 341 1047 382 ἱ

253 405 368 462 xxxii.
380 407 420 456 Ex
432 405 499 473 fuga
511 405 561 456 hac
573 420 654 471 quum
667 405 797 472 oppidum
808 403 943 462 Mundam
955 403 1009 462 ,sibi

158 513 163 523 ·
200 481 411 532 constituissent
423 475 605 541 praesidium,
628 478 716 524 nostri
728 475 901 542 cogebantur
917 487 1007 524 neces·

200 549 275 599 sario
293 564 341 601 eos
357 545 575 601 circumvallare.
612 545 655 595 Ex
670 542 790 594 hostium
803 544 889 594 armis
903 555 956 609 pro
968 547 1010 593 ce'·

200 621 273 685 spite
285 618 420 671 cadavera
431 614 650 676 collocabantur,
658 620 742 664 scuta
753 620 781 664 et
792 614 849 680 pilo
860 627 911 678 pro
922 610 1010 673 vallo,

191 683 337 755 ¹*insuper
349 685 435 736 occisi
446 692 474 736 et
485 685 571 752 gladii
583 692 611 736 ct
623 699 768 735 mucrones
782 689 810 734 et
822 687 912 749 capita
923 679 1010 732 homi·

201 774 266 808 num
278 759 421 818 ordinata,
442 755 476 806 aid
489 755 619 822 oppidum
632 769 766 805 conversa
776 755 908 803 universa
924 749 1010 801 hosti-

192 831 247 877 'um
263 830 408 888 timorem,
428 827 592 893 virtutisque
613 825 735 890 iusignia
747 828 758 850 *
769 823 914 890 proposita
934 820 1008 870 ride·

201 902 274 957 rent,
296 903 325 947 et
345 895 418 947 vallo
440 894 724 946 circumcluderentur
745 892 905 945 adversarii.
918 891 932 918 *
968 891 1010 941 lta
1046 951 1047 964 ἵ

202 965 277 1017 Galli
292 965 411 1032 tragulis
425 965 579 1032 iaculisque
596 963 726 1030 oppidum
739 978 774 1014 ex
790 961 911 1013 bostium
928 959 1010 1010 cada·

201 1035 311 1086 veribus
323 1039 389 1086 sunt
399 1035 587 1100 circumplexi,
599 1048 759 1101 oppugnare
770 1037 929 1100 coeperunt.
967 1033 1010 1082 Ex

200 1103 254 1156 lroc
265 1105 372 1173 proelio
384 1104 516 1156 Valerius
526 1105 688 1156 adolescens
701 1103 856 1154 Cordubam
868 1117 931 1153 cum
942 1115 1009 1165 pau·

188 1175 240 1226 'cis
251 1176 390 1244 equitibus
404 1174 486 1241 fugit,
498 1173 562 1226 Sex.
574 1175 715 1238 Pompeio,
726 1175 772 1242 qui
785 1172 931 1224 Cordubae
944 1170 1008 1220 liris·

201 1251 259 1308 set,
281 1262 340 1298 rom
351 1251 457 1314 gestam
471 1243 567 1297 refert.
605 1243 723 1312 Cognito
736 1243 787 1294 boc
799 1241 923 1310 negotio,
940 1257 1008 1310 quos

202 1317 310 1384 equites
321 1331 414 1368 secum
427 1313 537 1378 habuit,
557 1315 610 1378 his,
632 1315 706 1383 quod
716 1314 813 1365 babuit
823 1327 915 1364 secum
928 1327 1008 1378 pecu·
1046 1323 1047 1376 l

186 1383 275 1450 niae,
286 1385 443 1446 distribuit;
455 1390 484 1436 ct
495 1386 640 1452 oppidanis
652 1381 730 1446 dixit,
742 1401 769 1434 se
779 1385 810 1435 de
816 1399 885 1452 poce
894 1383 933 1432 ad
945 1380 1009 1433 Coe·
1046 1391 1047 1456 ᾗ

200 1472 288 1507 eurem
296 1453 451 1524 profice'ece';
470 1461 499 1506 et
508 1456 630 1506 secunda
640 1456 736 1524 vigilia
747 1457 782 1506 ab
793 1454 894 1521 oppido
906 1453 1008 1504 disces·

201 1528 248 1576 sit.
285 1527 333 1578 Cn.
345 1525 492 1592 Pompeius
504 1532 598 1578 autem
610 1541 671 1576 cum
684 1527 823 1592 equitibus
834 1525 930 1593 paucis
943 1539 1008 1574 non·

202 1594 340 1663 nullisque
350 1596 635 1662 peditibusadnavale
646 1596 813 1662 praesidium
825 1599 905 1660 parte
915 1593 1009 1644 altera

201 1667 338 1718 Carteiam
355 1666 510 1727 contendit,
533 1666 607 1734 quod
618 1666 748 1733 oppidum
761 1667 840 1716 abest
850 1681 867 1714 a
878 1663 1009 1714 Corduba

200 1735 277 1785 milia
288 1750 417 1800 passuum
431 1735 538 1788 CLXX.
569 1737 630 1798 Quo
642 1752 724 1804 quum
738 1735 773 1786 ad
782 1741 907 1786 octavum
921 1734 1009 1784 milia·

199 1806 271 1854 rium
284 1805 412 1866 venisset,
424 1803 454 1854 P.
463 1805 607 1869 Calvitius,
620 1808 665 1872 qui
677 1806 777 1857 castris
787 1810 871 1857 antea
882 1803 1010 1870 Pompeii

199 1874 376 1942 praepositus
388 1879 473 1934 esset,
493 1876 552 1926 eius
561 1876 654 1927 verbis
665 1877 793 1928 nuncium
806 1873 907 1935 mittit,
927 1890 1011 1942 quum

198 1941 287 1994 tainus
299 1941 364 1994 belle
374 1939 493 2006 baberet,
512 1952 544 1995 ut
554 1945 696 1998 enittereot
706 1945 839 2008 lecticam,
860 1960 913 2011 qua
924 1945 954 1997 in
966 1961 1010 2012 op·

197 2011 289 2081 pidum
300 2011 403 2084 deferri
412 2013 507 2080 possit.
544 2015 658 2066 Litteris
670 2017 768 2079 missis,
784 2014 933 2080 Pompeius
946 2016 1009 2065 Car·

199 2085 282 2134 teiam
295 2081 430 2134 defertur.
447 2084 500 2145 Qui
510 2083 622 2136 illarum
635 2089 755 2152 partium
768 2085 893 2136 lautores
905 2091 1009 2146 essent,

188 2155 400 2205 'conveniuntin
408 2153 525 2216 domum,
537 2170 591 2221 quo
604 2163 666 2208 erat
677 2155 796 2217 delatus,
807 2155 866 2222 (qui
877 2156 1009 2206 arbitrati

198 2229 264 2274 sunt
283 2223 439 2275 clanculum
461 2226 592 2288 venisse)
612 2232 644 2277 ut
665 2223 699 2277 ab
713 2241 755 2286 eo,
777 2241 847 2293 quae
858 2225 956 2287 vellet,
973 2225 1010 2276 do

197 2292 273 2345 bollo
284 2295 468 2360 requirerent.
505 2294 595 2355 Quum
607 2295 767 2362 frequentia
778 2295 961 2358 convenisset,
973 2295 1010 2346 de

197 2361 298 2415 lectica
309 2363 455 2430 Pompeius
472 2379 568 2415 eorum
581 2367 608 2415 in
619 2363 704 2416 fldem
715 2364 849 2432 confugit,
872 2425 874 2430 Ι

250 2433 379 2485 XXXlll.
407 2435 519 2496 Cacsar,
540 2449 575 2485 cx
595 2435 703 2503 proelio
724 2434 830 2502 Murrda
849 2436 1011 2502 munitione

147 2531 151 2540 ι
188 2503 375 2575 circumdata,
388 2503 544 2554 Cordubam
556 2506 641 2556 venit.
678 2507 730 2568 Qui
743 2520 777 2556 ex
788 2506 873 2556 caedo
886 2521 920 2556 eo
932 2504 1012 2555 reln-

197 2577 307 2635 gcrant,
328 2577 440 2636 pontem
453 2581 667 2638 occupaverunt,
686 2633 688 2638 Ι
706 2575 796 2636 Quum
810 2590 843 2626 eo
856 2580 931 2626 esset
943 2589 1012 2626 uctr-

196 2645 266 2698 tum,
287 2641 434 2689 conviciari
446 2648 606 2707 coeperunt,
626 2660 673 2695 not
689 2661 723 2694 ex
734 2643 837 2710 proelio
852 2660 953 2712 paucos
964 2661 1012 2696 cu·

196 2713 315 2768 uerene.-
333 2721 385 2771 que
400 2709 624 2778 confugeremeui-
657 2715 699 2764 lta
713 2707 1010 2782 pugnare'coeperunt
