2134 3148
325 145 591 206 'saumario
811 152 862 206 431

58 255 211 326 queritabat
225 269 290 306 suas
307 256 415 321 copias:
434 257 577 317 (audiebat
592 258 680 319 enim,
702 255 862 323 Scipionem

58 331 122 393 post
135 323 210 376 diam
225 328 341 376 tertium
359 327 419 376 eius
434 325 504 388 diei,
533 341 588 392 quo
603 326 743 393 proelium
758 327 864 377 factum

2 445 3 452 ,
57 400 128 456 erat,
146 394 383 462 adpropinquare,
402 397 497 462 copias
517 409 583 446 suas
605 411 668 446 cum
687 394 814 448 Labieno
835 400 866 446 et

2 487 3 493 ¹
58 464 171 516 Petreio
182 465 366 532 coniungere,
385 465 463 515 euius
473 465 571 532 copiae
582 465 725 532 legionum
743 471 816 524 octo,
836 470 866 514 et

1 540 3 566 ³
59 534 185 602 equitum
200 536 285 584 trium
303 534 411 585 milium
429 548 491 586 esse
508 535 724 597 nunciabantur)
739 533 866 585 oilieinas

59 603 193 656 ferrarias
215 603 373 665 instruere,
401 605 520 670 sagittas
543 604 671 672 telaque,
700 605 742 653 uti
764 605 867 655 tierent

59 672 213 737 complura,
232 688 339 734 curare,
358 673 474 739 glandes
485 673 613 737 fundere,
631 672 715 724 sudes
725 687 866 739 conspars-

59 759 100 804 re,
119 743 230 792 litteras
246 743 276 792 in
298 741 420 794 Siciliam
436 745 609 810 nuntiosque
625 744 746 806 mittere,
766 750 799 794 ut
813 742 867 794 sibi

61 817 153 864 crates
170 813 371 880 materiemque
387 819 573 880 congererent
589 813 625 864 ad
642 813 756 875 arietes,
787 813 866 864 cuius

59 882 156 945 inopia
169 880 198 929 ia
214 879 308 932 Africa
324 887 410 933 esset:
429 890 579 950 praeterea
594 882 699 934 ferram
713 883 873 949 plumbum-¹

62 967 114 1020 que
126 951 293 1002 mitteretur.
330 953 367 1003 Et
377 952 500 1003 animum
512 953 599 1003 etiam
612 952 788 1015 advertebat,
809 951 867 1002 sru-

61 1026 157 1071 mento
169 1035 199 1070 se
210 1021 238 1070 in
249 1020 352 1084 Africa,
374 1023 431 1072 nisi
440 1023 634 1088 importatitio,
653 1023 695 1073 uti
707 1038 760 1074 non
771 1037 867 1090 posse:

1 1108 3 1126 τ
61 1091 156 1158 priore
177 1090 250 1140 enim
271 1098 479 1158 ann0,propter
494 1091 718 1144 adversariorum
739 1091 868 1153 dilectus,

63 1159 138 1226 quod
149 1159 325 1224 stipendiarii
336 1167 466 1214 aratores
474 1161 578 1213 milites
589 1168 684 1215 essent
694 1161 776 1224 faeti,
797 1176 869 1212 mes-

63 1245 121 1280 sem
133 1244 189 1278 non
199 1245 261 1280 esse
273 1229 387 1280 laetam:
410 1237 565 1297 praeterea
576 1247 610 1282 ex
622 1233 696 1283 onrrri
707 1229 801 1282 Africa
813 1230 868 1281 fru-

63 1303 189 1351 mentum
201 1298 378 1351 adrersarios
389 1301 417 1366 in
427 1315 517 1367 pauca
528 1301 630 1367 oppida
641 1307 670 1352 et
680 1302 750 1352 bene
761 1301 870 1350 nrunita

5 1410 10 1423 .
64 1375 266 1435 comportasse,
299 1383 464 1436 omnemque
485 1371 628 1436 regionam
649 1369 759 1422 ,llricac
779 1370 871 1420 erina-

64 1440 139 1490 nisse
150 1436 307 1490 frumento:
329 1438 439 1506 oppida,
455 1445 569 1504 praeter
580 1454 613 1490 ea
625 1454 723 1506 pauca,
735 1454 805 1506 qnae
816 1438 871 1505 ipsi

64 1509 124 1558 suis
139 1506 289 1574 praesidiis
306 1509 381 1558 tueri
402 1514 548 1573 poterant,
566 1509 674 1576 reliqua
693 1509 766 1559 dirui
788 1512 872 1572 atque

3 1635 4 1653 χ
66 1577 170 1641 deleri3
191 1583 327 1629 eteorum
339 1577 446 1629 incolas
460 1577 537 1630 intra
552 1593 604 1629 sua
615 1579 755 1644 praesidia
767 1577 872 1644 coegis-

3 1657 5 1668 ’
66 1662 97 1700 se
108 1649 307 1714 commigrare3
326 1661 410 1714 agros
422 1647 550 1699 desertos
561 1662 594 1699 ae
603 1653 730 1700 vastatos
742 1662 811 1699 esse.

118 1715 193 1766 Xlll.
211 1715 274 1768 llae
294 1718 462 1770 necessitate
479 1719 583 1770 caesar
605 1724 728 1781 coaetus,
748 1719 873 1784 privatos

65 1785 215 1838 ambiendo
235 1794 264 1837 et
284 1786 386 1839 blande
406 1787 576 1852 adpellando
589 1787 794 1856 aliquantulum
815 1791 873 1840 fru-

65 1857 155 1908 menti
168 1854 337 1924 [nnmerum]
357 1857 386 1912 in
398 1872 448 1910 sua
457 1857 599 1924 praesidia
609 1863 791 1927 congesserat
801 1868 829 1910 et
839 1870 873 1909 eo

65 1939 149 1991 parce
160 1926 302 1977 utebatur.
338 1926 549 1993 Operainterim
560 1929 619 1996 ipse
625 1928 750 1996 quotidie
760 1930 874 1979 demim-

64 1997 108 2046 ire
120 2001 148 2047 et
159 1995 194 2046 ad
206 2001 302 2047 ternas
314 1994 444 2049 cohortes
455 1998 484 2048 in
495 1999 616 2051 statione
627 1997 739 2060 habere,
759 2002 876 2064 propter

65 2062 188 2116 hostium
199 2065 417 2118 multitudinem.
452 2066 594 2122 Labienus
605 2071 714 2121 saucios
724 2079 874 2134 suosque·

64 2149 129 2188 rum
140 2136 277 2186 maximus
287 2151 421 2188 numerus
433 2135 495 2206 suit,
510 2138 590 2190 iubet
600 2141 629 2190 in
640 2137 758 2204 plostris
768 2136 874 2203 deliga·

65 2211 112 2256 tos
123 2204 306 2256 Adrumetum
324 2205 475 2271 deportari.
512 2207 603 2260 Nares
619 2209 734 2259 interim
746 2206 874 2258 Caesaris

67 2275 215 2326 onerariae
237 2274 412 2326 errabundae
433 2276 507 2328 male
529 2278 719 2344 vagabantur,
748 2276 874 2326 incertae

66 2342 193 2394 locorum
214 2349 298 2411 atque
320 2350 478 2396 castrorum
502 2362 629 2398 suornm:
659 2361 727 2414 quas
748 2344 873 2412 singalas

65 2411 186 2480 scaphae
202 2412 428 2466 adversariorum
444 2416 599 2480 complures
614 2417 731 2468 adortae
742 2413 869 2472 incende·

4 2515 5 2520 =
64 2482 134 2534 bant
145 2487 230 2550 atque
242 2485 449 2550 expugnabant.
485 2486 546 2538 liae
560 2487 749 2549 renunciata,
771 2486 875 2544 Caesar

4 2569 5 2608 l
65 2552 169 2605 classes
180 2554 282 2604 circum
299 2553 405 2604 insulas
423 2561 575 2624 portusque
590 2558 742 2625 disposuit;
764 2559 873 2625 quotu·

66 2624 122 2674 sius
132 2617 306 2675 commeatus
317 2625 478 2690 supportari
490 2633 593 2692 posset.

118 2692 207 2762 Xllll.
226 2693 340 2746 Μ.οιιο
351 2695 464 2748 interior
471 2732 482 2760 ,
502 2700 550 2767 qui
561 2699 659 2755 Uticae
669 2703 809 2768 praeerat,
821 2696 874 2750 Ca-
