2156 3134
178 168 212 220 re
367 159 423 212 ue
442 155 585 238 nunno
608 156 797 230 enumco
892 154 895 162 ¹

177 282 273 322 omnes
284 265 377 333 copias
388 263 487 322 cestris
497 262 607 326 eduxit,
622 262 845 330 equitatumque,
856 261 931 330 qued
942 277 990 316 re.

177 339 250 392 centi
268 335 374 404 proelio
391 331 572 402 perterritum
592 346 652 384 esse
672 331 863 397 existimabat,
883 347 981 400 agmen

176 405 407 476 subsequiiussit.
572 455 574 460 ,
885 463 888 468 ¹
931 441 934 446 .
973 452 975 462 ,

179 473 182 478 ’
227 475 300 529 XIV.
335 470 666 540 Acietriplieiinstituta,
682 469 980 540 etceleriteerllmi-

174 547 244 600 lium
254 547 354 597 itinere
365 542 505 606 confecto,
519 543 594 614 prius
606 541 642 593 ad
652 539 773 612 hostium
785 544 981 608 castraperve

175 611 232 679 nit,
251 630 348 684 quam,
368 613 434 682 quid
445 620 589 682 ageretur,
600 611 732 664 Germani
743 612 848 663 sentire
859 616 980 678 possent.

176 688 244 754 ¹Qui,
265 685 392 736 omnibus
407 683 490 734 rebus
506 684 599 734 subito
616 683 772 750 perterriti,
793 686 822 732 et
837 680 981 746 celeritate

176 758 312 809 adventus
328 755 430 815 nostri,
450 758 479 804 et
493 752 616 804 discessu
626 767 754 813 suerum,
775 766 863 819 neque
874 749 983 804 consilii

176 820 312 888 habendi,
331 839 421 892 neque
441 837 519 873 arura
538 821 663 888 capiendi
673 821 763 887 spatio
776 821 855 891 date,
869 827 983 888 ‚pertur-

176 895 291 959 bantur,
302 895 431 961 copiasne
441 892 572 944 adversus
583 889 689 942 hostem
701 891 835 955 educere,
845 906 880 942 an
891 897 984 942 castra

177 964 340 1027 defendere,
351 979 386 1015 en
398 961 465 1030 inge
473 962 591 1012 salutem
601 967 710 1027 petere,
721 967 885 1026 praestaret.
909 962 983 1024 Que-

176 1051 239 1088 rum
260 1035 344 1085 timor
357 1047 440 1102 quum
457 1031 570 1082 fremitu
585 1036 614 1082 et
624 1044 760 1082 concursu
770 1031 983 1098 significaretur,

73 1147 77 1154 .
176 1105 282 1157 milites
293 1104 395 1164 nostri,
409 1102 518 1169 pristini
528 1101 583 1152 diei
594 1100 709 1168 perfidie
718 1101 840 1170 incitati,
850 1102 879 1152 iu
891 1106 983 1164 castre

176 1175 347 1240 irruperunt.
382 1172 506 1233 Quorum
526 1173 574 1238 qui
588 1169 717 1240 celeriter
732 1186 810 1226 arma
825 1185 923 1237 cepere
937 1184 983 1235 po·

176 1242 305 1306 tue'runt,
328 1241 482 1310 paullisper
501 1243 604 1308 nostris
622 1242 789 1310 restiterunt
808 1246 891 1308 etque
908 1241 983 1304 inter

178 1330 273 1366 carros
291 1312 544 1380 impedimentaque
562 1310 700 1378 proelium
721 1311 930 1378 commiserunt:
954 1315 998 1378 ,nt⁴

178 1382 445 1452 reliquavmultitude
457 1396 606 1449 puerorum
617 1381 819 1450 mulierumque
830 1383 910 1442 (nam
921 1395 984 1432 cum

179 1455 306 1508 omnibus
321 1455 378 1504 suis
392 1452 473 1504 domo
488 1459 664 1504 excesserant
675 1450 987 1519 Rhenumquetransie·
1020 1469 1023 1476 ·

124 1553 125 1558 κ
178 1529 254 1592 rant)
276 1524 378 1590 passim
398 1522 495 1591 fugere
516 1523 622 1590 coepit;
640 1521 676 1573 ed
696 1537 765 1590 ques
785 1520 985 1586 consectandos

181 1595 283 1646 Cacsar·
294 1593 448 1660 equitatum
457 1593 541 1644 misit.

232 1662 294 1730 XV.
330 1661 476 1724 Gerntani,
508 1665 572 1727 pest
601 1665 711 1727 tergum
736 1659 855 1712 clamere
880 1658 986 1721 audito,

179 1749 265 1802 quum
277 1746 343 1781 suos
353 1732 472 1782 interlici
482 1730 618 1792 viderent,
628 1732 712 1780 aruris
722 1730 835 1781 abiectis
845 1729 986 1796 signisque

181 1801 348 1854 militaribus
358 1799 477 1861 relictis,
488 1815 518 1850 se
529 1814 564 1850 ex
574 1800 673 1850 castris
684 1801 837 1862 eiecerunt:
853 1805 890 1861 et,
901 1813 986 1866 quum

179 1871 215 1922 ad
226 1868 412 1920 confluentem
424 1869 521 1920 Mosae
533 1873 562 1918 et
571 1867 659 1919 Rheni
668 1871 867 1934 pervenissent,
878 1869 987 1934 relique

77 1974 80 1988 .
179 1939 248 2007 fuge
268 1939 427 2005 desperata,
448 1951 548 2004 magno
568 1952 684 1990 numero
703 1937 865 1999 interiecto,
884 1937 986 2004 reliqui

178 2024 210 2060 se
220 2010 248 2058 in
259 2007 361 2059 llumen
374 2008 626 2074 praecipitaverunt
635 2013 718 2074 atque
729 2009 767 2059 ibi
777 2008 892 2069 timore,
908 2007 987 2059 lassi·

179 2077 288 2140 tudine,
319 2078 344 2149 ri
365 2075 485 2128 fluminis
505 2079 630 2142 oppressi
649 2078 799 2145 perierunt.
835 2076 932 2128 Nostri
950 2076 987 2140 ed
1010 2133 1013 2138 ⁴

179 2164 265 2198 unum
285 2161 380 2198 onmes
399 2145 566 2208 incolumes,
610 2148 735 2212 erpaucis
755 2147 923 2211 uolneratis,
952 2161 988 2199 ex

178 2220 249 2270 tanti
269 2215 335 2268 belli
354 2216 468 2279 timore,
488 2232 572 2283 quum
588 2162 709 2268 iiostium
726 2233 856 2282 numerus
866 2218 987 2284 capitum

180 2285 348 2339 CCCCXXX
366 2286 472 2337 milium
487 2286 601 2349 suisset,
620 2287 692 2340 sein
707 2293 798 2340 castra
813 2293 989 2354 receperunt,

107 2401 110 2408 .
179 2359 282 2412 Caesar
291 2354 347 2420 his,
364 2371 434 2424 ques
443 2357 472 2408 in
483 2358 581 2422 castris
592 2358 760 2422 retinuerat,
771 2357 928 2410 discedendi
938 2371 987 2424 po-

177 2433 309 2500 testatem
325 2425 403 2478 lecit:
423 2426 466 2477 illi
480 2427 615 2494 supplicia
630 2430 823 2496 cruciatusque
839 2427 985 2480 Gallorum

177 2498 273 2570 ueriti,
294 2511 410 2564 quorum
422 2511 504 2564 agros
514 2503 696 2561 vexaverant,
715 2513 861 2564 remanere
871 2514 901 2550 se
911 2495 986 2562 apud

178 2582 241 2632 eum
252 2565 323 2626 uelle
334 2565 472 2618 dixerunt.
494 2567 547 2618 His
558 2568 659 2620 Caesar
669 2567 827 2621 libertatem
840 2567 984 2619 concessit.

227 2635 304 2708 ¹XVI..
340 2635 507 2688 Germanice
518 2635 592 2688 belle
603 2637 744 2701 confecto,
755 2638 850 2698 multis
861 2637 895 2688 de
905 2650 983 2694 caus·
997 2671 1004 2686 ,

178 2707 216 2758 sis
232 2707 335 2778 Caesar
354 2708 467 2775 statuit,
487 2707 539 2760 sibi
548 2705 675 2762 Rhenum
695 2723 755 2762 esse
769 2706 981 2768 transeundum:
