2152 3144
167 161 217 216 sos
352 164 383 215 r.
401 161 541 215 rrmrn
559 159 615 216 err
628 164 777 239 senno

167 281 284 336 quomm
296 267 492 332 opportunitas¹
503 268 669 320 castellanos
684 266 848 336 impellebat
867 267 901 319 ad
923 274 971 322 (le-

136 333 143 355 '
168 339 311 388 cursiones
322 337 464 388 faciendas
476 341 504 388 et
513 338 616 389 bellum
627 338 812 400 inferendum,
829 352 971 404 expugna·

169 408 209 457 rit
220 421 306 474 eaque
317 406 421 473 praeda
436 406 537 458 milites
553 407 680 458 donarit:
700 413 783 475 (quae
795 408 847 458 etsi
860 414 922 458 crat
933 412 972 458 te-

167 477 241 540 nuis,
262 483 355 528 tamen
371 476 399 526 in
411 481 491 528 tanta
512 478 670 542 provinciae
691 477 889 544 desperatione
910 483 973 526 erat

167 551 262 613 grata,
281 547 446 612 praesertim
457 547 559 598 virtute
571 550 678 613 partaz)
698 552 734 609 et,
746 562 828 614 quum
840 545 972 596 Octavius

168 630 203 666 ex
218 613 284 682 luga
295 613 447 666 Pharsalici
468 615 568 682 proclii
586 631 688 684 magna
706 617 793 666 classe
810 613 927 665 inillam
940 630 971 667 sc

167 685 258 736 sinum
270 685 441 748 contulisset,
451 687 545 752 paucis
556 687 670 738 naribus
680 686 894 746 ladertinorum‚
905 699 972 752 quo·

166 769 228 806 rum
240 768 349 821 semper
359 756 387 805 in
398 755 597 822 rempublicam
606 755 746 822 singulare
755 755 921 806 constiterat
931 753 974 804 of-

167 825 270 887 ficium,
290 824 420 889 dispersis
431 825 590 876 Octavianis
602 826 717 876 naribus
728 831 789 877 erat
798 827 904 891 potitus
911 861 919 886 ,
939 829 973 873 ut

166 895 212 945 rel
223 895 310 944 classe
321 894 452 954 dimicare
463 901 564 960 posset,
580 895 718 946 adiunctis
730 895 844 961 captivis
855 894 972 962 naribus

167 963 314 1014 sociorum.
350 963 394 1026 Et,
409 979 491 1030 quum
504 963 690 1015 diversissima
704 973 783 1031 parte
796 964 972 1028 orbistcrra-

166 1048 229 1086 rum
246 1033 294 1082 Cn.
306 1031 467 1098 Pompeium
482 1033 683 1084 Caesarvictor
703 1040 877 1101 sequeretur,
899 1047 973 1086 com·

165 1103 315 1172 pluresque
331 1102 505 1154 adversarios
521 1104 549 1153 in
560 1103 704 1169 illyricum
718 1108 831 1170 propter
841 1103 971 1154 Macedo·

165 1175 230 1225 niae
250 1173 485 1240 propinquitatem
497 1187 537 1236 se,
558 1173 682 1240 reliquiis
697 1188 732 1225 ex
748 1171 815 1240 luga
836 1172 971 1235 collectis,

166 1242 318 1294 contulisse
338 1242 460 1306 audiret,
479 1242 589 1294 litteras
600 1247 636 1294 ad
647 1243 794 1294 Gabinium
809 1243 909 1304 mittit,
928 1245 971 1292 uti

167 1329 229 1365 cum
250 1313 406 1380 legionibus
424 1313 561 1376 tironum,
581 1328 652 1381 quae
662 1328 751 1379 nuper
763 1316 843 1364 erant
853 1313 972 1364 conscri-

165 1389 241 1450 ptae,
261 1384 482 1449 proficisceretur
492 1385 520 1434 in
532 1383 686 1450 Illyricum,
702 1383 914 1449 coniunctisque
925 1397 972 1434 ce·

165 1454 217 1520 piis
228 1469 289 1504 eum
300 1454 333 1517 Q.
346 1453 508 1522 Cornificio,
528 1455 553 1503 si
563 1453 638 1521 quod
648 1452 799 1521 periculum
811 1452 970 1519 provinciae

164 1521 327 1586 inferretur,
337 1523 501 1590 depelle-ret:
519 1525 562 1574 sin
574 1538 607 1574 ea
617 1538 672 1573 non
688 1524 795 1590 magnis
811 1522 896 1588 copiis
906 1527 971 1572 tuta

166 1607 228 1644 esse
239 1599 344 1659 posset,
354 1594 385 1644 in·
393 1592 587 1646 Macedoniam
598 1593 722 1660 legiones
734 1592 895 1643 adduceret:
911 1607 970 1642 om-

165 1677 229 1714 nem
240 1663 313 1713 cnim
324 1663 401 1714 illam
412 1669 521 1730 partem
535 1664 740 1730 regionemque,
756 1663 816 1712 vivo
829 1661 878 1714 Gn.
889 1659 971 1712 l‘om·

165 1732 238 1798 pelo,
250 1731 353 1782 bellum
364 1734 581 1784 instauraturum
593 1746 653 1782 esse
664 1730 802 1782 credebat.
865 1775 866 1779 ,

216 1799 316 1850 XLlll.
336 1799 470 1852 Gabinius
476 1839 484 1864 ,
506 1805 537 1851 ut
547 1803 576 1851 in
586 1800 730 1868 Illyricum
740 1801 829 1862 venit,
850 1797 970 1853 hiberno

164 1873 290 1934 tempore
311 1872 376 1919 anni
396 1885 428 1920 ac
446 1869 561 1932 difficili,
581 1871 639 1920 sire
657 1869 838 1935 copiosiorem
859 1871 970 1934 provin-

165 1939 235 1989 ciam
246 1939 421 2002 existimans,
441 1940 499 1990 sire
510 1938 626 1990 multum
638 1937 767 1990 fortunae
778 1940 889 1997 victoris
901 1939 970 1990 Cae·

163 2009 233 2059 saris
248 2007 387 2071 tribuens,
407 2009 464 2062 sive
480 2009 583 2059 virtute
601 2013 630 2060 et
644 2009 762 2058 scicntia
772 2023 823 2058 sua
837 2010 970 2072 conlisus,

164 2093 246 2146 quam
262 2093 344 2144 saepe
360 2077 485 2130 inbellis
500 2078 686 2144 periclitatus,
707 2093 822 2145 magnas
832 2093 877 2128 res
889 2083 917 2128 ct
928 2093 971 2130 se·

164 2148 268 2200 cundas
287 2148 372 2198 ductu
387 2149 563 2215 auspicioque
574 2162 624 2198 suo
640 2154 775 2216 gesserat,
797 2163 886 2214 neque
908 2162 970 2213 pro-

163 2220 268 2270 vinciae
287 2217 467 2270 facultatibus
482 2218 685 2281 sublevabatur,
707 2233 776 2286 quae
792 2218 892 2284 partini
905 2225 970 2269 erat

164 2288 316 2351 exinanita,
337 2291 438 2356 partim
451 2288 584 2351 infidelis3
603 2303 691 2354 neque
704 2288 827 2349 travibus,
838 2287 970 2338 interclu-

163 2374 195 2410 so
207 2359 277 2409 mari
293 2353 516 2425 tempestatibus,
537 2364 710 2410 commeatus
721 2360 880 2424 supportari
893 2364 968 2423 pote-

162 2441 220 2491 rat3
239 2431 399 2496 magnisque
415 2427 626 2480 difficultatibus
638 2433 762 2491 coactus,
782 2442 838 2477 non
850 2427 967 2478 ntrole-
984 2460 987 2470 ·

161 2498 224 2560 bat,
246 2499 295 2548 sed
307 2504 337 2548 ut
347 2514 459 2550 neccsse
471 2504 539 2560 erat,
561 2499 664 2550 bellum
677 2498 805 2566 gerebat:
826 2511 966 2564 quumque

162 2565 318 2618 durissimis
339 2571 551 2634 tempestatibus
572 2576 687 2635 propter
707 2569 827 2635 inopiam
850 2567 966 2617 castella

163 2641 211 2685 aut
222 2635 321 2699 oppida
332 2651 490 2704 expugnare
502 2645 659 2705 cogeretur,
680 2639 777 2689 crebro
790 2635 965 2686 incommoda

163 2706 329 2770 accipiebat3
358 2705 483 2774 adeoque
499 2709 542 2760 ert
556 2708 708 2760 abar-baris
726 2710 894 2760 contemtus.
924 2709 967 2762 ut,
