2152 3144
178 179 231 234 ³⁸⁰
376 180 407 232 Δ.
424 175 565 230 HlRTll
581 176 638 230 Die
655 175 798 238 anano

172 297 222 336 res
233 295 373 336 remorum
383 297 463 346 usum
483 281 662 334 obtinebant:
681 281 759 332 aliud
773 280 912 334 naturalis
927 282 987 334 sal·

174 353 268 416 lertio,
288 353 363 405 aliud
378 352 454 404 urbis
470 351 550 417 copia
563 351 800 402 subministrabat
835 350 988 403 Postremo

175 422 355 490 aonlongam
366 424 572 490 navigationem
592 421 738 486 parabant,
760 421 811 472 sed
826 425 997 489 praesentis.

175 494 310 559 temporis
325 493 486 546 necessitati
501 492 659 543 serviebant
670 496 699 542 et
707 493 737 542 in
748 491 810 557 ipso
822 499 906 558 portu
917 507 985 544 con·

177 562 329 630 iligendum
343 563 484 614 videbant.
521 560 619 628 ltaque
640 561 734 627 paucis
750 560 862 624 diebus,
882 569 985 614 contra

177 635 298 684 oninium
319 633 497 699 opinionem,
527 631 716 699 quadriremes
735 629 804 681 duas
826 635 854 681 et
875 633 984 699 viginti,

178 704 391 771 quinqueremes
408 705 528 769 quinque
544 700 735 752 coniecerunt.
770 701 813 752 nd
828 698 878 752 has
893 703 985 754 mino-

178 788 225 826 res
237 775 402 839 apertasque
413 770 569 837 complures
581 771 792 833 adieceruntet,
802 771 924 836 inportu
935 786 986 838 pe-

178 843 291 897 riclitati
302 844 427 908 remigio,
438 841 504 909 quid
515 855 640 908 quaeque
652 855 748 892 earum
760 839 869 892 efficere
879 847 986 907 posset,
1070 835 1071 890 l

172 912 295 972 ¹idoneos
306 912 408 964 milites
419 913 620 977 imposuerunt,
634 925 720 977 sequa
730 909 765 961 ad
776 908 985 978 confligendum

171 982 307 1040 ,amnibus
328 981 416 1033 rebus
430 985 608 1048 paraverunt
644 981 748 1032 Caesar
759 977 880 1031 Rhodias
896 996 985 1034 nares

98 1059 104 1070 “
177 1065 275 1102 norom
287 1049 413 1113 babebat,
433 1055 517 1114 (nam,
529 1051 625 1102 decem
637 1051 738 1114 missis,
750 1065 807 1100 una
816 1052 845 1100 in
857 1067 939 1102 cursu
951 1051 987 1102 li·

178 1121 389 1188 toreAegyptio
401 1119 552 1183 deiecerat)
563 1119 696 1172 Ponticas
708 1125 781 1182 octo,
791 1119 894 1187 Lycias
905 1123 988 1188 quin·

178 1206 241 1258 que,
259 1206 294 1242 ex
304 1189 533 1244 Asiaduodeeim.
568 1188 665 1242 Exhis
677 1196 759 1244 crant
769 1191 986 1258 quinqueremes

173 1261 300 1328 quinque
311 1267 339 1312 et
351 1261 542 1329 quadriremes
553 1259 662 1312 decem:
680 1259 806 1330 reliquae
820 1260 903 1312 infra
911 1259 987 1316 hauc

173 1330 398 1398 magnitudinem
410 1337 438 1384 et
449 1329 733 1398 pleraequeapertae.
762 1331 868 1392 Tamen
879 1331 987 1383 virtute

178 1401 299 1452 militum
309 1402 442 1465 confisus,
464 1402 583 1470 cognitis
598 1399 720 1454 hostium
735 1400 837 1469 copiis,
857 1400 934 1454 sead
942 1401 986 1454 di·

174 1471 333 1530 ¹adeundum
344 1472 467 1538 parabat
574 1519 576 1524 ,

232 1541 303 1594 XlV.
321 1539 472 1610 Postquam
495 1555 529 1592 eo
549 1547 663 1593 ventum
673 1547 724 1604 est,
744 1546 776 1592 ut
790 1541 843 1593 sibi
862 1546 985 1608 uterque

179 1625 276 1664 eurum
287 1612 453 1675 confiderem
466 1613 569 1664 Caesar
578 1609 690 1664 Pharon
703 1613 791 1664 classe
804 1609 985 1663 circumvehi·

179 1688 226 1730 tur
237 1679 421 1744 adversasque
431 1697 515 1733 nares
527 1679 654 1734 hostibus
666 1681 825 1744 constituit3
841 1683 869 1732 ia
882 1682 985 1733 dextro

177 1767 263 1804 cornu
279 1753 401 1808 Rhodias
416 1751 544 1813 collocat,
565 1751 595 1800 in
614 1751 729 1802 sinistro
747 1748 887 1803 Ponticas:
905 1752 985 1804 inter

173 1821 228 1880 ‚bas
249 1827 368 1888 spatium
394 1821 658 1890 quadringentorum
685 1833 817 1886 passuum
838 1819 986 1886 relinquit,

176 1890 251 1959 qaod
261 1892 329 1942 satis
341 1906 403 1944 esse
414 1891 449 1942 ad
461 1889 637 1956 explicandas
648 1905 730 1940 nares
739 1889 894 1941 videbatur.
912 1888 999 1944 Post⁴

177 1960 252 2014 hunc
278 1960 404 2014 ordinem
430 1959 549 2027 reliquas
575 1974 658 2010 nares
679 1959 802 2010 subsidio
824 1959 983 2012 distribuit:

178 2046 249 2100 quae
269 2046 405 2099 quamque
426 2045 521 2083 earum
543 2034 676 2096 sequatur
696 2034 738 2092 et,
760 2029 806 2079 cui
825 2029 983 2095 subveniat,

179 2102 327 2154 constituit
346 2107 430 2170 atque
451 2105 577 2168 imperat.
613 2097 677 2152 Non
692 2098 853 2152 dubitanter
864 2100 984 2154 Alexan-

178 2170 254 2225 drini
265 2171 381 2224 classem
393 2171 551 2238 producunt
562 2174 646 2236 atque
663 2170 818 2240 instruunt:
841 2171 871 2220 in
887 2169 983 2234 fronte

173 2239 320 2298 collocarit
331 2242 399 2295 duas
411 2248 440 2295 et
449 2242 562 2308 viginti,
577 2239 699 2306 reliquas
711 2240 889 2293 subsidiarias
899 2241 927 2292 in
938 2255 982 2295 sc·

180 2310 271 2364 (sindo
293 2311 389 2363 ordine
409 2307 587 2363 constituunt.
624 2310 757 2378 Magnum
774 2315 981 2375 praetereanu-

178 2395 286 2436 merum
298 2383 437 2434 minorum
453 2382 627 2449 navigiorum
647 2384 678 2430 et
696 2377 860 2446 scapharum
880 2379 981 2447 produ-

179 2455 245 2502 cunt
256 2465 317 2502 cum
327 2452 464 2507 nialleolis
474 2451 654 2520 ignibusque,
674 2449 698 2500 si
709 2449 774 2516 quid
784 2450 845 2516 ipsa
856 2450 980 2502 multitu,-

178 2519 215 2571 do
227 2523 255 2570 et
266 2519 372 2572 clanror
382 2527 412 2574 et
421 2521 531 2580 flartrma
543 2519 646 2570 nostris
660 2521 779 2571 terroris
793 2517 904 2572 adferre
916 2535 980 2586 pos·

178 2593 250 2640 sant.
260 2588 434 2642 lirantiuter
445 2589 513 2644 duas
524 2589 628 2642 classes
638 2589 709 2640 rada
720 2590 840 2640 transitu
851 2595 978 2657 angusto,

177 2669 247 2772 quae
258 2657 400 2719 pertinent
410 2659 446 2710 ad
456 2661 599 2726 regionem
614 2657 738 2710 Africae:
757 2660 807 2722 (sio
817 2660 890 2710 enim
900 2674 976 2726 prae-

198 2722 280 2792 icant,
294 2731 402 2790 partera
417 2741 479 2782 esse
492 2726 676 2782 Alexandriae
687 2727 831 2784 dimidiam
839 2727 975 2792 dirioaer)
