2180 3140
79 251 81 260 ,
163 223 218 282 2⁶2
322 279 324 284 ,
383 204 755 272 naucuuocrtrur

163 341 236 396 quae
247 341 308 387 cum
316 325 452 392 *Pompeio
463 337 513 391 per
523 323 722 375 Mauritaniam
734 321 829 375 venire
839 319 968 376 dicebau-

162 406 225 462 tor,
240 398 349 451 ,multae
369 393 579 463 longinquiores
598 395 723 445 civitates
741 395 775 444 ab
790 391 905 453 Afranio
924 391 970 444 de·

160 469 283 520 sciscunt
294 472 322 518 ct
333 465 460 517 Caesaris
471 463 621 514 amicitiam
633 469 795 532 sequuntur.

181 551 184 557 ¹
214 537 289 588 LXI.
308 537 414 601 Quibus
426 535 508 586 rebus
519 535 676 599 perterritis
687 534 788 584 animis
798 531 970 584 adversario·

162 623 234 669 rrum,
253 607 368 668 ‚Caesam
388 619 422 656 ne
433 618 543 670 semper
553 618 655 672 magno
667 605 783 656 circuitu
794 617 845 670 per
857 609 970 670 pontem

164 679 307 745 equitatus
326 682 401 727 esset
419 673 580 736 mittendus,
601 679 699 725 nactus
716 674 850 725 idoneum
870 673 971 733 locum,

163 747 256 806 fossae
277 745 378 812 pedum
397 745 516 812 triginta
531 744 560 793 in
575 744 754 794 latitudinem
765 743 922 809 complures
932 742 973 793 ia·

121 835 124 841 ·
165 831 231 874 cere
251 815 388 876 instituit,
407 815 508 881 quilius
527 819 636 878 partem
648 813 771 881 aliquam
783 811 885 864 Sicoris
896 827 973 864 aner·

165 891 242 941 taret
261 885 416 952 vadumque
427 886 455 934 in
467 899 500 934 co
518 881 633 933 ilumioe
649 882 781 934 elliceret.
817 883 870 933 His
883 897 973 951 paene

166 953 282 1014 effectis,
304 949 433 1021 magothn
455 955 485 1006 in
504 954 634 1008 timorem
645 951 778 1002 Afranius
790 951 973 1019 Petreiusque

165 1024 341 1093 perveniunt,
352 1038 387 1074 ne
398 1024 511 1074 omnino
520 1021 663 1075 frumento
676 1021 833 1088 pabuloquc
844 1023 975 1073 interclu-

166 1093 318 1156 derentur3
347 1093 422 1160 quod
444 1093 560 1154 multum
582 1092 686 1161 Caesar
707 1093 835 1158 equitatu
855 1092 975 1142 valebat.

134 1173 140 1181 ”
165 1163 266 1230 ltaque
278 1163 453 1213 constituunt
466 1159 520 1230 ipsi
536 1162 573 1213 iis
584 1161 652 1212 locis
665 1159 800 1213 excedere
812 1165 841 1210 et
852 1162 880 1209 io
892 1161 975 1210 delti-

165 1233 273 1284 lieriam
285 1231 389 1284 bellum
399 1233 562 1283 transferre.
593 1231 665 1282 lluic
675 1229 792 1282 cmrsilio
804 1228 975 1297 suffragabat-
987 1255 995 1273 ι

166 1310 216 1355 mr
227 1303 310 1354 etiam
321 1302 372 1354 illa
384 1318 438 1366 res,
460 1301 533 1370 quod
545 1316 579 1353 ex
590 1301 697 1352 duobus
708 1301 856 1352 contrariis
867 1299 976 1367 generi·

167 1373 235 1436 nus,
255 1387 325 1440 quac
341 1373 487 1440 superiore
496 1372 572 1424 bello
582 1387 643 1422 cum
654 1372 688 1423 L.
701 1369 827 1423 Sertorio
838 1375 978 1422 steterant

169 1444 312 1505 civitates,
331 1446 421 1494 vietae
432 1457 533 1494 nooron
546 1447 629 1510 atquc
643 1441 790 1508 imperium
805 1441 930 1492 absentis
944 1441 978 1494 n·-

168 1514 297 1573 u'rebant3
316 1529 387 1581 quae
408 1514 436 1563 in
449 1513 570 1564 curicitio
589 1517 761 1573 manserant,
780 1511 906 1577 'Pompeii
921 1525 977 1561 ma·

169 1585 233 1651 gnis
244 1581 372 1635 adiectae
383 1581 600 1635 beneficiiscam
612 1581 776 1648 diligebant:
794 1581 920 1632 Caesaris
931 1595 978 1648 au

169 1662 228 1704 tem
239 1653 266 1702 in
276 1654 402 1704 barbaris
414 1658 475 1703 erat
486 1667 587 1703 nomen
594 1652 753 1702 obscurius.
774 1651 849 1702 ilinc
859 1664 976 1717 magnos

171 1725 313 1790 equitatus
330 1737 483 1788 nragoaque
499 1721 604 1772 auxilia
620 1721 819 1787 exspectabant
829 1726 859 1770 ct
869 1721 926 1770 suis
937 1719 977 1769 lo·

156 1795 210 1850 ,tis
221 1791 323 1842 bellum
336 1791 495 1842 inhiantem
508 1791 608 1842 ducere
624 1790 791 1857 cogitabant.
828 1789 891 1840 Hoc
905 1789 976 1839 inito

171 1861 296 1926 consilio,
308 1867 368 1911 toto
380 1860 493 1911 llumine
504 1859 584 1911 lbero
596 1860 674 1913 navis
685 1861 849 1927 conquirere
861 1859 977 1912 ecocta-
1072 1871 1074 1878 ’

170 1945 264 1997 gesara
281 1931 383 1980 adduci
401 1930 505 1998 iubent.
542 1930 572 1980 ld
585 1934 647 1980 erat
663 1929 792 1996 oppidum
808 1932 929 1995 positum
941 1927 977 1978 ad

169 2001 289 2062 liranum,
309 1999 439 2066 miliaque
457 2013 588 2066 passuum
604 2013 620 2048 a
638 2002 737 2050 eastris
751 1999 850 2050 aberat
868 1997 983 2064 viginti·
1070 2041 1076 2056 ,

169 2070 212 2124 ild
225 2085 286 2121 enm
299 2068 390 2120 locum
402 2069 535 2131 fluminis,
554 2069 670 2119 navibus
681 2071 790 2130 iunctis,
806 2074 917 2135 pentem
928 2068 977 2117 im·

170 2140 356 2208 parentinen,
377 2139 555 2207 legionesque
566 2138 634 2189 duaa
646 2137 748 2190 ilumen
760 2137 877 2190 Sicorim
888 2142 978 2188 trana-

172 2211 277 2262 ducunt
287 2215 432 2278 castraque
443 2204 572 2260 muniunt
581 2209 655 2260 uallo
668 2208 768 2276 pedum
778 2208 932 2260 duodecim.

182 2295 187 2301 ·
225 2279 311 2330 lilill.
330 2280 392 2342 Qua
407 2294 438 2330 rc
450 2283 501 2346 'per
512 2277 703 2346 exploratores
721 2279 848 2346 cognita,
869 2289 977 2328 sunrmo

171 2349 270 2400 labore
282 2349 399 2400 militum
416 2350 533 2411 Caesar,
556 2351 718 2399 continuate
728 2347 804 2398 'diem
815 2354 979 2413 noctemque

173 2433 258 2485 opere
270 2421 297 2469 in
309 2418 595 2480 iluminc'arerterrdm
614 2417 667 2469 huc
677 2419 733 2468 iam
744 2417 900 2469 deduxerat
909 2431 979 2478 rem,

170 2491 204 2538 u‘t
213 2489 332 2555 equitas,
343 2491 394 2541 etsi
405 2488 554 2540 difficulter
565 2494 648 2556 atquc
661 2501 744 2554 aegre
753 2483 849 2550 fiebat,
865 2492 980 2554 possent

172 2564 268 2618 tamen
279 2563 363 2625 atque
374 2558 512 2611 auderent
522 2557 625 2608 ilumen
636 2557 773 2620 transirc3
788 2558 899 2624 pedites
910 2569 977 2609 vcro

173 2627 365 2681 tantummodo
376 2627 500 2679 humeris
512 2641 544 2679 oc
555 2641 663 2678 wmmo
674 2631 787 2694 pectore
800 2633 926 2688 exstare,
944 2631 979 2676 et

174 2697 532 2763 qrrnnr‘altitudioeaquoe‚
554 2700 612 2746 turo
626 2697 711 2747 etiam
724 2695 875 2762 rapiditate
886 2694 976 2746 tlumi-

174 2763 217 2811 ais
229 2764 264 2816 ud
278 2766 480 2819 transeundum
499 2765 711 2833 impedirentur.
748 2763 804 2818 Sed
820 2769 914 2817 tanco
929 2777 980 2815 eo·
