2168 3134
296 169 522 261 ·⁷'³r',rncn
554 211 623 264 vrr.
820 211 903 282 ,rea

91 321 200 378 rentes,
219 331 251 366 ne
272 313 309 365 ad
327 315 439 365 acorem
459 311 565 365 aditum
585 313 699 378 babeat,
720 314 767 384 qui
787 333 840 370 nora
861 317 902 369 tia

86 400 141 455 per
152 399 249 452 agonen
259 383 375 434 bostium
382 382 573 452 perequitarit.

118 505 124 522 ·,
145 450 256 507 bxvll.
275 453 397 504 Probata
412 468 444 504 re
461 459 544 521 atque
562 455 689 506 omnibus
706 455 741 508 ad
758 454 900 507 iusiuran-

88 523 159 576 dum
181 524 297 586 adactis,
318 529 431 589 postero
448 524 493 574 die
509 524 539 573 in
560 525 613 574 tris
630 533 726 590 partes
746 526 899 576 distributo

88 595 233 662 equitatu,
254 594 326 646 duae
342 607 373 644 se
390 594 464 644 acies
480 593 514 644 ab
527 592 635 650 duobus
651 594 787 646 lateribus
805 601 899 646 osten·

87 664 177 716 dunt:
189 679 245 714 una
256 679 272 714 a
283 663 373 730 primo
385 664 497 730 agmine
508 663 566 714 iter
575 663 712 729 impedire
723 665 824 730 coepit.
836 665 899 726 Qua

88 750 125 786 re
138 735 280 797 nunciata,
292 733 397 784 Caesar
407 747 488 783 suum
500 747 609 800 quoque
621 733 783 801 equitatum,
796 735 898 800 tripar-

86 804 146 856 tito
168 803 296 868 divisum,
318 809 416 854 eontra
435 800 544 854 hostem
565 803 607 853 ire
627 803 714 854 iubet.
751 804 898 872 Pugnatur

86 889 149 926 una
159 879 226 925 tunc
237 873 365 924 omnibus
374 873 405 922 in
416 873 556 938 partibus:
577 873 708 925 consistit
718 889 834 941 agmen:
846 874 897 924 im·

86 944 253 1012 pedimenta
273 943 349 994 inter
368 941 497 1010 legiones
518 943 702 1008 recipiuntur.
740 943 771 995 Si
792 960 847 1012 qua
866 945 898 998 iu

88 1019 173 1083 p'arte
184 1014 274 1080 nostri
285 1013 415 1063 laborare
427 1016 475 1063 aut
486 1011 598 1079 gravius
614 1013 704 1078 premi
718 1013 896 1077 ridebantur,

88 1079 127 1136 e'o
138 1085 221 1152 signa
235 1082 335 1134 inferri
347 1084 450 1132 Caesar
465 1083 610 1148 aciemque
626 1083 752 1135 converti
766 1084 881 1136 iubebat
887 1081 897 1135 τ’

86 1169 164 1221 quae
177 1168 221 1204 res
233 1159 262 1205 et
274 1151 369 1203 hostes
381 1151 416 1201 ad
427 1151 631 1219 insequendum
642 1152 784 1216 tardabat,
806 1160 835 1204 et
846 1169 896 1203 no-

87 1232 166 1275 stros
178 1237 227 1290 spe
239 1223 337 1274 auxilii
348 1219 539 1272 confirmabat
575 1221 702 1272 Tandem
714 1222 849 1273 Germani
860 1223 895 1274 ab

88 1293 192 1346 dextro
203 1293 301 1355 latere,
312 1307 449 1344 summurn
460 1291 557 1359 iugum
568 1293 653 1352 nacti,
665 1289 761 1343 hostes
773 1293 835 1342 loco
846 1291 895 1342 de·

87 1363 213 1431 pellunt;
224 1361 361 1430 fugientes
368 1360 498 1429 usquead
508 1359 896 1430 llunren,ubchrcinget0rrx

88 1450 155 1485 cum
172 1432 348 1499 pedestribus
370 1431 458 1497 copiis
474 1429 656 1490 consederat,
678 1437 895 1498 persequuntur,

88 1503 302 1570 compluresque
312 1499 494 1552 interficiunt.
506 1499 603 1560 Quare
611 1499 817 1561 animadversa,
829 1499 896 1552 reli·

88 1574 149 1642 qui,
161 1588 195 1623 no
207 1571 486 1631 circumvenirentur,
501 1569 597 1631 veriti,
613 1583 644 1619 se
655 1567 739 1636 fugae
751 1569 895 1624 mandant.

89 1642 227 1694 Omnibus
239 1641 308 1692 locis
320 1643 352 1691 lit
364 1638 477 1690 caedes:
498 1643 558 1689 tres
570 1637 740 1690 nobilissimi
750 1640 839 1690 Aedui
850 1655 895 1692 ca·

89 1712 133 1780 pti
155 1711 190 1762 ad
211 1712 359 1762 Caesarem
381 1708 583 1776 perducuntur:
611 1709 711 1772 Cotus,
733 1709 895 1775 praefectus

90 1781 226 1850 equitum,
237 1781 285 1848 qui
295 1778 513 1831 controversiam
525 1793 585 1830 curn
598 1778 818 1831 Convictolitane
830 1795 907 1847 pro·¹

89 1851 174 1903 ximis
187 1850 308 1901 comitiis
321 1847 468 1912 habuerat;
488 1856 517 1899 et
529 1847 692 1910 Cauarillus,
714 1850 762 1917 qui
773 1858 836 1916 post
847 1850 896 1902 de·

89 1921 244 1974 sectionem
255 1919 377 1971 Litavici
387 1918 563 1984 pedestribus
574 1917 662 1985 copiis
673 1917 849 1985 praefuerat3
866 1927 897 1974 ct

89 1989 268 2060 Eporedirlx,
279 2003 333 2058 quo
345 1988 414 2038 duce
425 1992 491 2040 ante
503 1988 652 2040 adventum
663 1989 793 2041 Caesaris
805 1991 896 2045 Aedui

90 2076 152 2112 cum
165 2058 301 2125 Sequanis
312 2059 386 2110 bello
398 2058 612 2110 contenderant.

145 2129 269 2181 LXVlll.
290 2127 398 2196 Fugato
420 2127 496 2178 omni
517 2129 656 2195 equitatu,
677 2127 897 2197 Vercingetorix

91 2199 187 2265 copias
208 2213 282 2260 suas,
304 2203 335 2250 ut
356 2211 407 2263 pro
428 2198 528 2248 eastris
550 2197 750 2260 collocaverat,
772 2199 908 2264 reduxit,

91 2268 275 2337 protinusque
286 2263 421 2328 Alesiam,
442 2266 517 2334 quod
534 2272 577 2317 est
588 2266 719 2332 oppidum
731 2268 897 2320 Mandubio-

92 2353 169 2400 runr,
190 2339 245 2389 iter
256 2337 349 2388 lacere
361 2336 467 2403 coepit3
487 2335 673 2403 celeriterque
695 2336 898 2404 impedimenta

93 2423 129 2460 ex
140 2408 240 2460 castris
252 2407 332 2459 educi
345 2411 412 2458 etse
423 2404 557 2472 subsequi
567 2405 658 2455 iussit.
687 2406 799 2468 Caesar,
810 2408 909 2476 impe,

93 2479 225 2530 diruentis
236 2477 266 2528 in
277 2475 435 2544 proximum
453 2474 553 2526 collem
571 2472 713 2536 deductis,
734 2474 907 2546 arnousque,

93 2547 254 2616 legionibus
266 2545 409 2613 praesidio
420 2543 539 2607 relictis,
551 2545 678 2607 secutus,
694 2552 827 2612 quantum
839 2549 897 2602 diei

93 2623 203 2687 tempus
215 2621 259 2670 est
269 2631 395 2683 passum,
416 2614 530 2666 circiter
545 2613 636 2664 tribus
648 2613 761 2668 milibus
774 2615 909 2680 bostium¹

94 2701 129 2739 ex
141 2689 293 2740 novissimo
305 2687 417 2754 agmine
431 2682 606 2745 interiectis,
628 2683 719 2734 altero
732 2687 777 2740 die
790 2688 824 2739 ad
835 2691 909 2746 Alex

94 2759 165 2812 sium
176 2761 271 2810 castra
282 2755 358 2807 lecit.
394 2756 546 2819 Perspecto
557 2752 636 2805 urbis
648 2753 712 2818 situ,
724 2759 896 2825 perterritis.
