2152 3144
209 181 262 232 loo
391 182 423 233 A.
441 177 580 230 lllll’l'll
601 178 658 232 DE
676 176 817 232 Baubo

211 286 260 336 lim
280 288 457 354 remanentes
477 283 505 333 in
527 297 577 332 suo
595 281 713 334 consilio
735 280 1021 350 praetervehebatur3

210 369 262 406 aec
273 356 326 405 sibi
342 355 429 404 ullius
444 355 484 404 rei
501 363 606 404 moram
625 354 874 422 necessitatemque
885 357 1021 424 iniunge-

208 423 266 490 bat,
287 419 367 492 quin,¹
385 439 466 492 quam
478 423 622 474 celerrime
634 427 743 489 posset,
762 422 853 488 ipsum
867 417 1021 495 Octavium

196 497 433 562 persequeretur.
457 493 549 554 Hunc,
560 496 765 560 oppugnantem
778 493 948 558 Epidaurum
960 502 1021 546 ter·

209 577 241 614 ra
253 566 385 630 marique,
406 563 452 613 ubi
473 568 600 612 nostrum
617 568 679 613 erat
694 561 871 628 praesidium,
892 564 1021 617 adventu

208 647 259 684 suo
276 634 466 704 discedere'ab
479 633 684 699 oppugnatione
707 632 811 699 coegit,
832 633 1020 700 praesidium·

210 719 263 772 que
275 708 403 755 nostrum
414 704 528 769 recepit.

261 773 348 826 XLV.
367 774 513 835 Octavius,
535 787 617 840 quum
628 770 772 824 Vatinium
785 771 900 822 classem
913 788 1019 841 magna

210 857 246 896 ex
256 849 342 909 parte,
350 842 506 894 conlectam
518 857 554 892 ex
564 841 697 892 naviculis
708 841 840 892 actuariis
855 841 963 894 habere
976 859 1019 895 co·

209 914 360 982 gnavisset,
380 911 502 963 conlisus
517 927 568 962 sua
584 911 687 973 classe,
707 911 831 962 substitit
847 911 881 962 ad
897 913 1017 963 insulam

210 982 373 1033 Tauridem:
394 996 448 1048 qua
463 981 580 1048 regione
596 979 721 1050 Vatinius
737 982 886 1048 insequens
908 983 1020 1050 naviga·

209 1053 274 1114 bat3
298 1065 353 1101 non
373 1050 448 1117 quod
468 1050 612 1102 Octavium
633 1050 671 1101 ibi
691 1051 827 1104 restitisse
846 1053 945 1114 sciret,
968 1053 1019 1103 scd

211 1121 287 1190 quod
303 1135 367 1172 eum
388 1120 500 1188 longius
520 1133 699 1188 progressum
721 1121 829 1189 insequi
848 1120 1019 1173 decreverat.

210 1193 301 1254 Quum
317 1189 429 1258 propius
440 1189 592 1240 'l'auridem
611 1191 784 1254 accessisset,
807 1189 938 1242 distensis
960 1193 1019 1242 suis

210 1261 336 1323 navibus,
357 1259 431 1327 quod
443 1265 471 1312 et
480 1264 632 1326 tempestas
645 1266 706 1310 erat
717 1260 886 1322 turbulenta,
897 1267 926 1310 et
938 1261 1020 1311 nulla

210 1333 330 1399 suspicio
342 1328 445 1393 hostis,
466 1335 581 1396 repente
597 1329 743 1381 adversam
761 1330 794 1381 ad
812 1345 842 1381 se
857 1332 1017 1384 venientem

212 1417 321 1464 narem,
343 1399 480 1451 antemnis
499 1399 534 1450 ad
554 1400 676 1451 medium
696 1399 799 1450 malum
821 1399 959 1463 demissis,
977 1402 1019 1450 in·

211 1476 345 1523 structam
364 1468 617 1538 propugnatoribus
633 1470 753 1520 animum
771 1469 897 1521 advertit.
932 1471 1018 1532 Quod

211 1544 258 1593 ubi
270 1543 427 1607 conspexit,
449 1540 577 1592 celeriter
587 1540 651 1591 vela
663 1540 778 1591 subduci
791 1539 956 1606 demittique
969 1555 1017 1590 ari·

202 1613 318 1663 ¹temnas
330 1612 407 1660 iubet
420 1614 448 1661 et
458 1609 561 1660 milites
579 1611 694 1660 armari:
714 1615 758 1673 et,
780 1609 882 1660 uexillo
894 1609 1019 1672 sublato,

211 1696 266 1749 quo
278 1679 419 1747 pugnandi
431 1679 516 1729 dabat
528 1681 647 1746 signum,
659 1693 729 1746 quae
741 1679 847 1746 primae
858 1694 942 1730 naves
955 1679 1019 1730 sub·

211 1749 406 1816 sequebantur,
425 1748 499 1799 idem
511 1753 543 1798 ut
552 1747 691 1810 facerent,
711 1746 895 1814 significabat.
932 1747 1014 1800 Para·
1059 1763 1062 1774 ·

211 1817 278 1870 bant
289 1831 319 1868 sc
331 1818 485 1879 Vatinium,
497 1823 614 1883 repente
626 1819 765 1882 oppressi:
783 1818 871 1880 parati
884 1817 1017 1886 deinceps

211 1889 356 1940 Octaviani
373 1901 408 1936 ex
424 1891 507 1951 portu
524 1885 720 1950 procedebant.
755 1884 907 1936 instruitur
919 1891 1017 1942 utrim.

211 1972 263 2024 que
274 1957 361 2019 acies3
373 1953 469 2006 ordine
480 1955 613 2021 disposita
623 1955 711 2022 magis
721 1954 880 2020 octaviana,
890 1960 1017 2023 paratior

211 2025 328 2078 militum
342 2025 439 2076 animis
452 2024 612 2076 Vatiniana.

263 2095 363 2147 xiivl.
383 2094 520 2155 Vatinius,
542 2109 625 2160 quum
642 2093 763 2144 animum
781 2093 950 2158 adverteret,
972 2113 1018 2150 ne·

212 2181 266 2236 que
286 2167 395 2217 nauium
408 2180 438 2216 se
450 2163 656 2232 magnitudine,
679 2179 768 2231 neque
790 2180 906 2216 numero
919 2181 1017 2232 parem

211 2252 283 2298 esse,
290 2235 424 2287 fortuitae
435 2234 619 2285 dimicationis
631 2232 759 2285 fomunae
770 2250 829 2294 rem
840 2236 1017 2288 committere

212 2307 310 2358 noluit.
347 2307 441 2372 ltaque
453 2305 558 2372 primus
570 2319 620 2354 sua
632 2305 823 2372 quinqueremi
833 2305 862 2355 in
874 2303 1017 2372 quadrire-

212 2391 284 2440 mem
304 2377 393 2441 ipsius
405 2377 511 2427 Octauii
528 2377 660 2440 impetum
676 2373 753 2424 fecit.
790 2374 941 2425 Celerrime
957 2374 1015 2428 sor·

214 2447 378 2514 tissimeque
389 2449 486 2496 contra
496 2443 543 2494 illo
554 2445 719 2512 remigante,
735 2458 819 2494 naves
829 2443 962 2496 adversae
974 2461 1017 2496 ro·

211 2516 279 2568 stris
290 2519 460 2565 concurrunt
470 2514 541 2564 adeo
553 2512 742 2575 vehementer,
760 2517 791 2563 ut
800 2514 877 2564 naris
889 2513 1017 2566 Octavia·

212 2597 256 2644 na,
276 2589 370 2634 rostro
381 2582 516 2646 discusso,
537 2583 613 2649 ligno
626 2585 827 2634 coritineretur.
864 2582 1015 2636 committi·

139 2680 146 2692 ·
211 2657 258 2701 tur
279 2653 381 2718 acriter:
402 2651 517 2718 reliquis
540 2653 608 2702 locis
628 2652 766 2717 proelium
787 2653 1014 2721 concurriturque
1060 2669 1061 2720 l

214 2719 247 2768 ad
259 2718 343 2772 duces
355 2721 487 2771 maxime:
507 2735 579 2784 nani,
596 2735 678 2788 quum
691 2735 742 2772 suo
753 2723 869 2790 quisque
881 2722 1013 2776 auxilium
