2180 3140
385 193 411 247 1,
421 195 434 246 l
445 195 469 247 B
481 195 538 249 litt
573 197 593 250 l.
840 197 893 254 M

89 313 189 370 resque
199 295 306 352 triboci
319 297 441 352 militum
457 306 487 350 et
501 293 681 356 centuriones
695 303 732 356 ed
741 303 891 356 Caesel-em

88 373 205 422 reuiuut
215 383 300 438 seque
313 369 341 420 ei
351 371 555 422 commendant.
592 373 668 424 ldem
680 371 733 425 lroc
746 373 780 425 lit
791 390 808 426 s
818 375 893 441 prin-

86 441 196 508 cipibus
207 440 372 508 Hispaniae,
387 454 457 506 quos
469 439 511 490 illi
523 450 708 495 evocaverant
718 449 747 495 et
757 457 851 495 secum
863 444 892 495 iu

89 510 192 561 eastris
204 507 346 560 habebant
357 507 485 561 obsidum
496 511 566 562 loco.
590 512 615 563 li
626 528 697 566 suos·
705 519 789 565 notos
800 513 892 581 hospi-

90 583 189 647 tesque
202 579 385 647 quaerebant,
396 589 540 647 perquem
552 581 670 652 quisque
681 597 777 636 eorum
786 583 892 634 aditum

90 648 341 700 commendationis
353 646 470 702 haberet
480 649 515 703 ad
526 651 684 704 Caesarem.
694 653 803 705 Afranii
809 653 893 704 etiam

89 716 166 769 iilius
184 717 348 770 adolescens
363 717 398 770 de
415 731 466 772 sut
481 733 513 774 cc
528 723 653 787 parentis
669 724 713 774 sui
725 722 816 774 salute
831 735 892 773 curn

38 829 47 855 .·
91 788 213 838 Caesare
225 803 274 854 per
284 785 437 856 Sulpicium
452 788 576 856 legatum
593 792 703 859 agebat.
739 791 892 860 lirantple·

91 855 249 908 nalaetitia
259 863 288 908 et
298 856 489 926 gratulatione
500 862 606 924 omuis3
624 874 735 926 eorum,
755 862 804 928 qui
814 867 896 913 tauto

92 925 217 992 pericula
226 927 345 989 vitasse,
366 932 519 991 eteorum,
538 931 585 996 qui
601 931 662 982 sin'c
673 932 789 984 vulnere
800 937 894 983 tantos
932 958 936 964 ·

93 1008 139 1044 res
150 993 304 1048 confecisse
315 995 493 1048 videbantur:
503 1000 818 1069 magnumquelructum
826 1012 895 1052 suas

91 1064 227 1130 pristinae
248 1065 375 1118 lenitatis
397 1065 521 1120 omnium
535 1069 640 1121 iudicio
656 1071 760 1124 Caesar
775 1070 895 1134 serebat,

91 1133 293 1203 consiliumque
303 1136 507 1189 eiusocuuctis
517 1139 700 1206 probabatur.

144 1203 257 1258 Lxxv.
275 1205 384 1267 Quibus
393 1206 479 1257 rebus
491 1208 758 1272 nunciatisdfranim
770 1209 890 1262 abinstl·

75 1277 80 1282 “
91 1278 154 1325 tuto
166 1288 251 1340 opere
262 1275 383 1327 discedit
393 1290 478 1343 seque
488 1277 518 1328 in
529 1283 624 1329 castra
633 1281 747 1348 recipit3
763 1280 805 1330 sic
814 1292 893 1345 para-

91 1349 152 1407 tus,
173 1342 376 1408 utvidebotur,
395 1351 441 1408 ut,
463 1347 629 1414 quicumque
645 1349 893 1411 accidissetcasus,

91 1409 272 1481 huncquieto
289 1419 319 1465 et
334 1429 424 1482 aequo
437 1415 530 1466 animo
547 1415 644 1468 ferret.
680 1412 811 1482 Petreius
825 1427 894 1468 roro

93 1496 146 1532 uon
159 1481 267 1534 deserit
276 1497 355 1547 sese3
366 1490 458 1536 armat
469 1483 620 1549 furnilium
636 1501 698 1538 com
707 1483 762 1536 hac
773 1492 802 1537 et
814 1500 895 1552 prae-

91 1551 167 1603 torio
176 1550 475 1605 cohortecstratmum
488 1554 669 1624 barbarisque
682 1555 896 1623 equitibdspau·

92 1622 148 1685 cis,
179 1623 370 1675 beneficiariis
381 1623 453 1685 suis,
477 1639 548 1692 quos
559 1639 627 1677 suae
639 1623 784 1676 custodite
795 1636 895 1678 caussa

92 1687 196 1742 habore
207 1698 368 1754 consuerat,
383 1693 534 1759 improviso
544 1695 581 1746 ad
591 1695 694 1746 vallum
706 1694 828 1756 aduolat,
839 1693 896 1746 col·

90 1759 188 1828 loquio
198 1761 319 1813 militum
330 1762 525 1832 interrumpit,
556 1771 669 1816 nostros
679 1763 795 1831 repellit
804 1765 839 1816 ab
851 1774 896 1815 ca-

91 1831 171 1882 stris:
193 1846 264 1899 quos
276 1829 469 1899 deprehendit,
489 1833 633 1886 interficit.
670 1835 780 1904 Reliqui
790 1841 896 1886 cocunt

90 1900 168 1952 inter
178 1916 209 1952 se
220 1908 263 1964 et,
292 1903 443 1968 repentino
454 1904 579 1970 periculo
591 1906 734 1967 exterriti,
766 1905 895 1956 sinistras

91 1971 168 2038 segis
182 1971 327 2023 involvunt
342 1971 507 2040 gladiosque
522 1975 702 2044 destringunt
717 1980 801 2044 atque
812 1975 855 2026 its
864 1989 895 2026 se

92 2053 110 2090 a
121 2039 238 2091 cetratis
254 2043 451 2110 equitibusque
467 2042 634 2110 defendunt,
666 2051 822 2096 castrorum
833 2056 896 2112 pro·

93 2108 252 2175 pinquitote
268 2110 382 2174 conlisi3
413 2127 500 2178 seque
515 2115 545 2164 iu
561 2122 654 2166 castre
670 2116 811 2181 recipiunt
821 2119 851 2164 et
861 2112 896 2164 ab

92 2175 314 2298 isisplohortibus,
333 2194 405 2246 quse
417 2187 500 2233 eraut
509 2184 539 2233 in
550 2185 672 2236 statione
682 2183 835 2255 ¹ud‘portos,
847 2180 898 2237 ‘do

106 2260 140 2297 su
163 2251 255 2297 untur.

146 2315 271 2370 LXXVl.
291 2318 399 2382 Quibm
410 2320 494 2372 rebus
504 2320 655 2383 conlectis,
684 2317 754 2372 flens
766 2317 897 2371 Petreius

94 2385 253 2452 manipulos
265 2388 376 2451 circuit,
401 2389 562 2456 militesque
574 2388 712 2458 sdpcllet3
737 2398 898 2451 πυρήια

89 2454 410 2523 Ροιηριιῗιιηιαῠκιιτιηι,
428 2458 616 2526 imperatorem
628 2471 712 2520 suum,
731 2455 897 2510 emerserit

92 2525 128 2578 ad
138 2525 463 2593 suppetetuninamdam,
474 2529 613 2580 obsecrat.
635 2528 682 2581 Fit
691 2527 822 2580 celeriter
832 2541 896 2580 con-

92 2609 189 2647 cursus
206 2597 234 2646 in
246 2598 430 2664 praetorium.
467 2599 605 2663 Postulat,
627 2604 659 2651 ut
671 2599 769 2650 iurent
789 2611 897 2662 omnes,
948 2600 957 2620 l

92 2681 122 2718 se
133 2668 288 2719 exercitum
299 2668 439 2736 docesque
450 2683 506 2730 nou
517 2668 690 2732 deserturos,
701 2681 790 2736 neque
801 2666 896 2737 prodi·

95 2743 186 2803 turos,
206 2751 298 2808 neque
309 2740 361 2794 sibi
373 2740 525 2809 seperatim
535 2754 553 2792 a
563 2739 838 2810 reliquisoonsiliom
849 2745 894 2794 cs-
