2150 3124
394 193 546 252 eluas
577 198 601 252 1.
869 197 903 254 15

88 298 490 369 eatpresltnqoeanuinemt.
510 300 603 356 Multo
613 299 732 370 denique
741 299 787 354 die
797 315 848 369 per
857 315 903 357 ax·

88 373 249 441 ploratum
260 371 363 424 masao
373 372 515 438 cognovit,
532 377 562 428 et
572 377 692 430 orontem
708 373 792 424 esuis
803 373 902 437 tecam

88 449 119 496 et
133 441 280 502 Helvetios
296 447 389 494 mutes
403 443 536 506 munisse,
567 447 596 493 et
608 440 781 499 Considium,
801 443 903 498 timore

87 512 286 581 perterritum,
307 511 382 580 quod
391 526 447 562 non
457 511 584 573 vidisset,
603 524 654 576 pro
669 511 728 562 riso
739 511 791 563 sibi
802 526 903 564 renuo·

86 585 187 634 ciasse.
222 581 265 632 lio
276 580 334 644 die,
352 579 406 648 quo
416 585 582 644 consuerat,
597 579 745 632 intervallo
756 578 850 634 hostes
859 596 902 634 se.

86 653 184 720 quitor
193 655 223 701 st
232 647 310 703 milia
328 665 459 718 passuum
474 651 531 702 tria
539 651 574 702 ch
585 663 682 702 eorum
696 651 795 704 eastris
810 657 903 706 castro

108 724 177 774 unit.

49 781 52 786 ‘
88 736 115 808 P·
139 789 242 843 xxiii.
278 786 419 842 Postridie
430 788 566 853 eiusdiei,
577 788 651 858 quod
663 786 902 846 omninobiduum

87 865 251 928 supererat,
270 874 355 928 quum
366 860 492 911 exercitu
506 857 678 914 frumentum
688 859 782 912 metiri
793 865 904 926 oporte·

88 937 156 993 ret,
173 935 203 981 et
222 930 296 997 quod
315 944 334 980 a
352 928 495 991 Bibracte,
518 929 619 997 oppido
638 928 797 984 Aeduorum
817 927 902 996 longe

88 998 901 1066 mosimoetcopiosisaimo,aanampliusmilibuspossuum

89 1068 183 1123 xviii
193 1069 303 1131 aberat,
313 1069 353 1130 ¹rei
364 1067 562 1121 frumentariae
574 1067 795 1135 prospiciendum
806 1069 901 1121 existi·

89 1139 191 1200 mavit,
211 1139 265 1190 iter
281 1139 316 1188 ab
326 1138 463 1201 Helvetiis
479 1139 582 1192 eremit
596 1152 629 1189 ao
639 1137 767 1190 Bibracte
781 1139 823 1190 ire
838 1153 902 1191 oon·

88 1208 188 1260 tendit.
225 1209 322 1264 Eures
339 1222 391 1274 per
404 1207 537 1275 fugitivus
546 1207 580 1259 L.
597 1206 722 1271 Aemilii,
742 1208 901 1260 decurionis

88 1279 215 1346 sqoimro
235 1276 394 1340 Gallorum,
428 1275 555 1329 hostilms
574 1279 731 1331 nunciatur.
766 1276 901 1340 Helvetii,

88 1363 140 1402 seu
150 1345 226 1415 quod
241 1347 342 1399 timore
357 1347 522 1414 perterritos
532 1346 673 1400 Romanos
685 1345 829 1398 discedere
843 1359 902 1404 aaa

89 1417 297 1479 existimarent,
322 1430 357 1468 eo
371 1417 472 1484 magis,
492 1416 565 1485 quod
581 1415 688 1484 pridie,
713 1415 903 1482 superioribus

88 1487 162 1540 locis
184 1486 340 1553 occupatis,
363 1485 501 1552 proelium
522 1501 577 1537 oon
593 1485 820 1549 commovissent3
846 1485 906 1548 siva,

89 1571 139 1619 eo,
166 1555 242 1624 quod
263 1567 294 1607 ro
314 1553 500 1607 frumentaria
518 1555 667 1607 intercludi
682 1568 764 1622 posse
783 1554 902 1607 conlide-

88 1631 169 1689 rent3
201 1629 373 1677 commutato
393 1625 510 1677 consilio
533 1629 618 1693 atque
637 1625 738 1676 itinere
758 1637 901 1688 converso,

88 1701 203 1747 nostros
214 1709 232 1746 a
242 1694 392 1746 aorimirsu
403 1696 513 1763 agmine
527 1695 636 1764 insequi
646 1710 680 1747 ae
690 1691 829 1747 lacessere
840 1707 902 1748 coe·

90 1770 204 1833 petunt.
600 1773 603 1777 '

141 1833 245 1887 xxiv.
281 1830 431 1902 Postquam
456 1833 486 1886 id
510 1835 631 1886 animum
651 1833 785 1904 advertit,
807 1833 900 1900 copias

89 1919 155 1956 suas
173 1904 276 1956 Caesar
289 1904 318 1954 in
332 1905 488 1970 proximum
504 1903 604 1955 collem
623 1903 768 1966 subducit,
796 1904 900 1972 equita·

88 1979 221 2042 tumque,
235 1975 296 2042 ssqui
320 1974 471 2026 sustineret
495 1971 615 2026 hostium
640 1974 788 2040 impetum,
818 1973 899 2026 rniait.

89 2043 153 2110 lpse
163 2043 276 2094 interim
291 2043 320 2093 iu
335 2042 406 2094 oolle
416 2041 508 2094 medio
519 2043 654 2109 triplicem
666 2043 752 2096 aciem
768 2043 901 2095 instruxit

89 2113 363 2180 legionum-quatuor
378 2117 589 2177 veteranarum,
608 2113 661 2176 ita,
680 2115 720 2164 uti
730 2127 817 2181 supra
830 2127 861 2166 se
871 2113 900 2164 io

88 2197 199 2240 summo
213 2182 279 2248 iugo
294 2181 363 2246 duas
377 2181 515 2250 legiones,
536 2197 605 2251 quas
620 2185 649 2236 in
664 2181 757 2236 Gallia
770 2183 900 2235 citeriore

88 2253 219 2319 proxims‘
231 2250 447 2318 conscripserat,
467 2257 496 2304 et
509 2254 602 2306 omnia
616 2254 721 2316 auxilio¹
735 2251 899 2305 collocaretc

88 2327 223 2374 actutum
234 2326 356 2374 montem
368 2319 525 2374 hominibus
539 2322 672 2389 compleri
688 2327 716 2375 et
726 2323 833 2373 interea
843 2333 900 2371 sur·

88 2393 167 2455 cinae
178 2392 207 2442 iu
217 2405 303 2442 unum
319 2391 410 2444 locum
428 2391 549 2444 conferri
559 2398 589 2444 et
603 2407 665 2444 eum
681 2392 717 2444 ab
731 2389 790 2454 his,
829 2389 856 2440 ui
871 2390 899 2442 in

87 2461 236 2528 superiore
250 2461 310 2519 acie
330 2463 525 2524 constiterant,
549 2462 652 2514 muniri
670 2459 760 2512 iussit.
826 2457 898 2512 elve-

88 2531 136 2595 til,
157 2545 221 2582 cum
235 2531 362 2584 omnihus
372 2531 527 2583 suiscarris
537 2532 639 2593 secuti,
658 2529 898 2597 impedimentum

88 2615 177 2652 unum
192 2599 283 2653 lucum
299 2599 490 2652 contulerunt:
519 2602 586 2668 ipsi,
614 2598 819 2652 confertissima
838 2598 898 2652 acis

51 2699 55 2708 ·
87 2671 196 2726 reiecto
206 2676 302 2722 nostro
313 2671 454 2739 equitatu,
464 2668 603 2739 phalange
614 2668 701 2734 iacta,
715 2668 767 2726 sub
782 2669 896 2737 primam

88 2745 216 2818 nostram
225 2742 313 2796 aciem
324 2745 526 2808 antecesserunt
