2168 3134
172 134 224 191 aro
358 134 413 186 os
434 131 575 187 annuo
598 121 782 188 csmnco

172 241 282 292 destina
299 235 546 306 lugasubtraherc
567 241 746 299 conarentur,
778 233 903 306 effugere
917 251 973 288 non

171 309 255 362 arodi)
267 311 435 376 equitatum,
466 308 515 360 sed
529 323 565 359 ne
580 308 706 376 legiones
722 301 832 376 quidem
846 317 973 374 possent:

169 379 313 446 tripartito
325 377 484 429 cohortibus
495 377 604 440 divisis,
626 381 702 430 trina
712 377 899 429 excelsissimo
910 377 974 432 loco

170 457 264 500 castra
276 449 350 510 lecit,
367 464 382 498 a
394 449 492 514 quibus
504 448 659 514 paullatim,
676 457 808 514 quantum
820 449 914 514 copiae
927 460 974 512 pa·

171 519 322 579 tiebuntur,
333 519 434 568 uallum
447 521 473 584 in
486 515 974 586 oppidicircuitumdacereinstituit.

225 588 352 640 XXXlV.
372 588 453 649 Quod
469 603 553 655 quum
571 589 693 640 animum
711 589 887 646 aduerterent
898 585 973 652 oppi-

172 659 254 720 nani,
285 659 495 726 miserrimaque
510 658 620 714 Alesiae
635 659 769 710 memoria
778 657 889 707 solliciti
900 655 974 706 sirni-

171 728 229 780 lem
245 742 339 778 casum
356 729 524 778 obsessionis
540 736 717 789 uererentur-3
749 729 918 792 maximoque
940 737 976 776 cx

175 797 303 848 omnibus
316 797 470 858 Lucterius,
488 798 536 864 qui
547 800 678 848 tortunae
689 797 762 847 illius
774 795 925 864 periculum
937 793 977 845 ie·

175 874 264 928 cerat,
283 873 421 935 moneret,
443 866 573 924 frumenti
586 868 723 918 rationem
736 882 797 918 esse
809 865 977 917 babendum:
1012 897 1014 900 -

171 938 351 989 constituunt
367 939 489 985 omnium
503 951 655 998 consensu,
667 965 672 972 ·
686 943 765 1003 parte
776 936 813 986 ibi
825 937 923 987 relicta
932 947 979 984 oo·

170 1009 295 1072 piarum,
309 999 361 1070 ipsi
373 1020 434 1055 cunr
447 1005 583 1071 expeditis
596 1005 630 1056 ad
642 1007 846 1071 importandum
858 1005 980 1058 frumen·

175 1083 234 1125 tum
248 1075 392 1140 prolicisoi.
424 1075 464 1125 Eo
476 1076 592 1126 consilio
604 1077 729 1140 probato,
750 1077 876 1141 proxima
887 1081 979 1136 nirata,

74 1122 89 1194 Δ.
176 1145 284 1196 duobus
295 1143 403 1194 milibus
416 1151 584 1203 armatorum
598 1145 711 1207 relictis,
726 1145 848 1214 reliquos
860 1157 894 1196 cx
906 1143 981 1210 oppi-

177 1215 214 1264 ‹lo
226 1211 354 1282 Drappes
366 1220 394 1264 et
404 1214 553 1278 Lucterius
573 1215 706 1266 educunt:
740 1216 773 1278 ii,
804 1230 909 1283 paucos
921 1213 981 1264 dics

178 1286 295 1346 morati,
317 1298 353 1336 ex
367 1283 470 1334 tinibus
483 1285 685 1348 Cadurcorum,
706 1287 752 1352 qui
765 1287 867 1351 partim
879 1299 910 1336 re
923 1283 980 1339 itu·

178 1355 317 1406 nrentaria
329 1354 471 1405 sublevare
483 1370 530 1406 cos
543 1357 699 1423 cupiebant,
711 1356 809 1422 partim
824 1353 981 1421 prohibere,

178 1439 234 1491 quo
247 1425 337 1474 nrinus
349 1432 499 1486 sumerent,
522 1441 575 1475 non
588 1433 726 1492 poterant,
746 1441 875 1494 nrognum
887 1439 982 1474 nurture·

180 1498 240 1544 rum
254 1494 385 1544 frumenti
397 1501 572 1561 comparant:
605 1511 809 1562 rrounumquaur
828 1501 920 1546 alutem
935 1507 981 1542 ex-

179 1563 365 1630 peditionibus
383 1565 526 1617 nocturnis
541 1566 657 1616 castella
679 1573 836 1616 lustrorum
852 1564 981 1614 atlmiun-

178 1643 234 1685 tur.
272 1635 358 1695 (luam
372 1635 406 1684 ob
418 1649 540 1685 caussam
554 1637 583 1685 C.
596 1635 727 1684 Caninius
738 1643 797 1684 toto
810 1633 911 1701 oppiilo
924 1647 982 1682 nru-

179 1703 302 1752 nitioues
315 1703 487 1754 circumdare
499 1711 637 1765 onoratur,
661 1720 695 1754 ne
711 1711 759 1754 aut
772 1719 840 1769 opus
852 1701 982 1752 ellectum

178 1769 253 1821 tueri
268 1787 322 1820 non
336 1775 430 1837 possit,
452 1780 500 1826 aut
513 1772 638 1837 plurimis
650 1773 718 1822 loris
731 1771 840 1823 insnum
851 1771 983 1836 disponat

67 1884 73 1894 χ
175 1839 328 1889 rrraersirli.

113 1896 116 1900 ¹
181 1855 189 1904 l
233 1856 346 1960 XKXal'.
369 1909 473 1976 Magna
483 1911 562 1974 copia
573 1909 705 1970 irunronti
717 1917 890 1977 conrparatn,
920 1924 982 1960 con·
1072 1899 1073 1910 ¹

179 1978 275 2029 sidunt
286 1979 413 2045 Drappes
429 1986 458 2029 et
472 1979 620 2030 Lucterius
634 1994 690 2028 uon
707 1979 817 2046 longius
832 1981 865 2031 ab
882 1979 984 2046 oppido

181 2049 208 2100 X
220 2048 346 2106 milibus,
377 2048 451 2099 undo
467 2048 610 2114 paullatim
628 2047 798 2101 frumentum
812 2051 840 2100 in
853 2049 980 2116 oppidum

182 2126 388 2186 supportarent.
424 2119 478 2184 lpsi
500 2121 572 2170 inter
595 2135 624 2170 se
641 2121 796 2185 prouincias
813 2121 981 2186 partiuntur:

181 2188 310 2255 Drappes
323 2190 421 2240 rastris
431 2189 571 2254 praesidio
582 2203 642 2239 cunr
659 2197 739 2255 parte
752 2191 891 2258 copiarum
905 2189 982 2240 resti·

182 2260 232 2320 tit3
263 2259 412 2309 Lucterius
428 2273 528 2326 agmen
545 2260 730 2310 lanu-ntorum
744 2260 778 2311 ad
796 2259 924 2326 oppidum
937 2257 981 2308 ad·

183 2329 267 2380 «lucit.
300 2328 448 2394 Dispositis
459 2329 499 2379 ibi
510 2329 667 2395 praesidiis,
690 2329 759 2380 born
770 2332 860 2380 noctis
871 2329 982 2380 circiter
1072 2353 1073 2386 3

181 2397 222 2460 X,
253 2399 427 2454 ¹silvestribus
445 2400 625 2467 angustisque
645 2397 791 2451 itineribus
813 2399 979 2451 frumentum

180 2469 334 2534 importare
347 2470 372 2518 iu
385 2468 514 2536 oppidum
530 2470 661 2520 instituit.
698 2471 822 2532 Quorum
834 2469 980 2536 strepitum

180 2537 279 2602 uigiles
291 2545 446 2588 castrorum
460 2553 541 2606 quum
552 2541 714 2602 sensissent,
735 2539 980 2606 exploratoresque
1016 2573 1019 2578 -

180 2607 269 2667 missi,
291 2621 361 2672 quae
373 2613 533 2673 agerentur,
551 2610 775 2659 renunciassent:
798 2609 929 2658 Caninius
941 2622 979 2658 oo·

179 2669 279 2724 leniter
291 2691 352 2724 cum
368 2675 526 2727 cohortibus
538 2679 654 2730 armatis
669 2693 703 2730 ex
715 2679 849 2746 proximis
861 2676 978 2728 castellis
