2150 3124
187 205 224 260 84
376 201 435 258 DE
454 203 593 258 BELLO
614 201 799 256 Gnhnlco

187 313 325 372 sectetur,
340 310 506 376 petiverunt.
521 347 524 351 .
542 309 781 374 cassarqnestus,
801 305 887 374 quod,
907 321 997 376 quum
1058 311 1059 344 ἒ

187 379 264 431 ultro
274 381 301 430 iu
313 381 499 430 continentem
509 377 610 443 legatis
622 378 710 428 missis
720 391 815 443 pacem
827 378 861 429 ab
871 392 900 428 se
910 382 998 444 petis·
1058 413 1059 422 ι

186 455 263 512 sent,
288 448 465 502 bellumsiue
481 462 579 498 caussa
594 446 769 508 intulissent,
787 448 931 514 ignoscere
946 449 1001 498 im·
1058 447 1059 510 j

185 519 353 594 prudentiae
373 518 444 570 dixit
464 516 627 585 obsidesque
643 517 799 583 imperavit:
820 531 938 584 quorum
953 517 998 566 illi
1058 527 1059 538 ¹

225 595 297 646 rtem
306 591 400 640 statim
413 586 563 649 dederunt,
574 592 700 652 partem,
710 601 745 638 ex
755 586 997 655 longinquioribus

201 660 257 716 ocis
267 659 437 721 arcessitam,
448 656 542 723 paucis
553 655 650 708 diebus
660 671 720 709 sese
730 656 844 706 daturos
855 657 1007 706 dixerunt·

188 729 301 782 Interea
311 743 375 778 suos
386 728 537 794 remigrare
548 727 576 775 in
586 740 669 793 agros
679 727 833 789 iusserunt,
847 726 1005 792 principee-v
1058 739 1059 772 3

191 813 245 866 que
258 797 379 864 undique
390 800 583 849 convenere-et
593 810 623 846 se
634 795 812 863 civitatesque
821 811 888 846 suas
898 796 999 847 Caesa·
1037 859 1038 862 Ἴ

190 883 216 918 rr
227 866 422 920 commendare
434 868 594 930 coeperunt.
786 880 788 884 ¹
1002 858 1006 870 ¹

206 965 212 992 a
243 933 380 986 xxviii„
398 933 457 984 His
472 933 555 984 rebus
569 947 637 998 pace
655 934 831 998 confirmata,
851 939 914 999 post
923 933 999 984 diem

191 1009 336 1073 quartum,
356 1017 438 1069 quam
458 1007 502 1054 est
522 1005 551 1052 in
570 1000 745 1052 Britanniam
766 1008 892 1065 ventum,
913 1017 1002 1053 naves

192 1071 290 1134 XVlll,
301 1072 335 1124 de
347 1072 446 1138 quibus
457 1086 542 1138 supra
552 1069 772 1123 demonstratum
784 1076 912 1138 estquae
923 1073 1001 1137 equi·¹
1058 1067 1059 1070 ’

180 1151 236 1194 stes
249 1141 434 1204 sustulerant,
454 1155 488 1192 ex
502 1141 645 1206 superiore
655 1146 738 1207 portu
748 1139 803 1192 leni
815 1145 896 1191 rento
907 1140 1001 1191 solue*

193 1217 267 1265 runt.
303 1211 381 1272 Quae
396 1225 479 1278 quum
491 1209 744 1277 adpropinquarent
754 1210 916 1262 Britanniae
927 1215 1001 1261 etex

194 1281 476 1342 castrisriderentur‚
491 1283 570 1332 tanta
579 1285 729 1347 tempestas
739 1280 831 1330 subito
841 1284 938 1329 coorta
948 1283 1002 1341 est,

196 1359 227 1404 ut
242 1351 321 1406 nulla
335 1365 431 1403 earum
446 1365 555 1401 cursum
569 1355 666 1402 tenere
681 1355 786 1415 posset,
807 1348 855 1400 sed
871 1347 1002 1400 aliae‘eo-

195 1424 273 1484 dem,
285 1420 360 1476 ,unde
372 1426 453 1473 erant
462 1419 617 1487 protectae,
626 1419 813 1482 referrentur3
833 1419 904 1470 aliae
915 1417 949 1469 ad
960 1421 1002 1468 in-

196 1492 327 1544 feriorem
338 1497 445 1559 partem
457 1488 577 1552 insulae,
588 1505 658 1558 quae
669 1494 714 1542 est
722 1490 837 1558 propius
847 1488 914 1540 solis
925 1503 1003 1538 occa-

196 1578 272 1624 sum,
291 1575 392 1628 magno
403 1562 444 1610 sui
456 1575 518 1610 cum
529 1559 652 1625 periculo
663 1555 859 1610 deiicerentur:
881 1572 951 1625 quae
963 1563 1003 1607 ta·
1058 1559 1059 1570 ¹

197 1647 272 1694 men,
284 1631 393 1682 ancoris
404 1631 483 1680 iactis
494 1645 578 1697 quum
588 1629 717 1681 ductibus
728 1619 945 1694 complerentur,
956 1641 1010 1678 ne·-

199 1701 321 1752 cessario
335 1699 456 1750 adversa
465 1703 546 1748 nocte
562 1699 591 1748 in
606 1700 694 1751 altum
704 1703 853 1765 provectae
862 1697 1002 1748 continen-

200 1777 255 1824 tem
265 1770 412 1834 petierunt.
637 1805 639 1810 ,
688 1785 691 1792 ’
735 1794 738 1800 ,
935 1782 938 1786 ·
1058 1773 1059 1776 ’

216 1879 220 1884 .
250 1837 352 1890 ΧΧΙΧ.
389 1837 492 1890 Eadem
504 1837 741 1899 nocteaccidit,ut
749 1841 825 1889 esset
834 1837 901 1887 luna
911 1834 1003 1902 plena,

200 1909 245 1976 qui
257 1906 316 1958 dies
325 1908 479 1958 maritimos
490 1912 582 1959 aestus
594 1909 728 1958 maximos
738 1909 766 1958 in
773 1907 883 1958 Oceano
895 1907 1002 1957 edicere

200 1977 354 2030 consuevit:
375 1977 532 2044 nostrisque
550 1976 580 2027 id
601 1978 855 2044 eratincognitum.
891 1977 934 2027 lta
947 1987 1012 2025 uno·

201 2055 326 2113 tempore
346 2051 375 2098 et
395 2045 492 2114 longas
512 2061 608 2108 naves,
629 2047 840 2114 quibusCaesar
854 2047 1002 2096 exercitum

202 2115 445 2183 transportandum
462 2123 621 2178 curaverat,
641 2129 763 2184 quasque
777 2117 805 2167 in
821 2115 929 2166 aridum
944 2115 1005 2165 sub-¹

202 2187 331 2249 duxerat,
356 2190 449 2238 aestus
465 2186 633 2252 complebat3
660 2192 689 2238 et
704 2187 858 2247 onerarias,
883 2199 953 2252 quae
968 2184 1003 2235 ad

201 2271 318 2310 ancoras
333 2260 413 2308 erant
428 2254 579 2322 deligatae,
597 2261 748 2322 tempestas
763 2253 936 2318 adflictabat3
958 2268 1014 2305 ner

202 2341 255 2395 que
265 2325 324 2378 ulla
333 2327 435 2377 nostris
446 2324 563 2377 facultas
573 2330 622 2376 aut
633 2324 857 2387 administrandi,
872 2330 921 2375 aut
930 2327 1002 2374 auxi·

186 2394 288 2448 'liandi
308 2395 432 2448 dabatur.
470 2395 662 2462 Compluribus
677 2396 791 2447 navibus
805 2392 917 2458 fractio,
941 2394 1000 2445 reli·

203 2481 385 2533 quaequam
411 2471 518 2528 essent,
549 2464 675 2528 funibus,
705 2465 814 2516 ancoris
838 2463 1002 2532 reliquisque

202 2537 381 2588 armamentis
402 2535 521 2598 amissis,
551 2533 586 2586 ad
603 2534 786 2602 navigandum
797 2534 923 2597 inutiles,
949 2547 1003 2584 ma·

202 2619 279 2672 gria,
292 2604 320 2655 id
335 2603 408 2671 quod
419 2619 531 2656 neeesse
542 2610 604 2656 erat
613 2604 752 2667 accidere,
772 2605 859 2655 totius
870 2603 1003 2656 exercitus

205 2674 376 2738 perturbatio
391 2672 467 2724 faeta
477 2681 531 2726 est:
553 2689 641 2742 neque
657 2676 730 2726 enim
742 2689 825 2726 naves
836 2677 915 2725 erant
924 2671 1003 2735 eliae,
1058 2719 1059 2748 ,

203 2741 303 2808 quibos
314 2743 452 2808 reportari
462 2748 588 2810 possete
601 2749 629 2796 et
639 2745 732 2796 omnia
742 2743 871 2806 deerant,
891 2753 960 2812 quae
970 2741 1002 2794 ed
1058 2749 1059 2804 ᾗ
