2168 3134
179 157 233 214 us
397 157 452 208 on
471 117 765 214 nnuno'cwmn

179 261 308 324 dissuas,
328 261 404 312 cuins
414 259 471 328 ipsc
481 259 577 312 bononi
586 270 614 313 et
622 261 755 330 dignitati
764 277 865 329 semper
870 259 980 332 fauerit

178 332 339 397 adiutorque
344 330 445 401 fuerit.
482 329 583 382 Nonum
597 331 627 384 in
641 332 779 398 republica
796 331 980 384 introductum

178 402 326 466 exerroplum
337 403 474 467 queritur,
486 410 517 450 nt
527 400 672 452 tribunitia
683 401 836 453 intercessio
847 400 930 452 armis
935 418 982 452 no·

180 478 288 520 taretur
299 479 379 537 atque
389 469 586 536 opprimeretur
592 506 600 532 ,
627 485 694 535 quae
708 470 891 537 superioribus
901 468 979 522 annis

179 538 262 590 armis
272 549 340 590 esset
350 539 486 590 restituta.
521 537 635 600 Stellam,
654 540 757 591 nudata
769 540 890 592 omnibus
901 538 979 590 rebus

179 608 324 660 tribunitia
331 617 477 674 potestate,
497 616 587 660 tamen
596 607 809 661 intercessionem
819 609 930 662 liberam
939 625 981 659 re·

180 677 302 741 liquisse:
328 677 499 744 Pompeium,
520 677 568 745 qui
577 676 676 729 arruissa
687 678 981 740 restituissenideatur‚

180 747 248 798 dorm
260 746 355 810 etiam,
374 763 442 812 aune
454 756 517 798 ante
528 747 666 810 bobrserit,
685 747 820 800 aderisisse.
859 747 981 812 Quoties·

126 849 133 866 s
179 832 289 881 cumque
299 816 336 866 sit
348 818 495 876 decretum,
515 817 611 868 darent
620 817 801 886 magistratus
811 834 928 884 operam,
948 834 980 869 ne

180 885 245 952 qnid
253 885 402 951 respublica
417 885 571 937 detrimenti
585 896 707 952 caperet,
738 891 802 952 (qua
813 904 874 939 ooce
886 897 912 938 et
929 903 981 952 qua

179 957 408 1006 serratusconsulto
425 957 541 1020 populus
555 953 693 1007 Romanus
712 957 748 1006 ad
761 973 839 1008 arrrsa
854 956 891 1007 sit
905 973 982 1008 noca·

180 1023 363 1094 tus‚)fucturn
372 1024 401 1075 in
407 1024 566 1089 perniciosis
577 1025 689 1094 iegibus,
704 1026 733 1077 in
744 1027 771 1076 oi
781 1026 936 1088 tribunitia,
951 1025 982 1077 in

180 1093 322 1144 secessione
329 1092 425 1160 populi
432 1131 439 1155 ,
461 1095 565 1160 templis
577 1094 691 1162 locisque
701 1095 860 1147 editioribus
871 1111 982 1161 occupa·

181 1163 225 1214 tis.
262 1165 351 1229 Atque
367 1161 431 1214 baec
446 1164 594 1228 superioris
614 1165 714 1216 aetatis
734 1168 853 1232 exempla
869 1165 981 1232 expiata

183 1232 328 1284 Saturnini
338 1241 417 1300 atque
431 1233 613 1284 Gracchorum
624 1234 727 1286 casibus
738 1234 829 1287 docet.
859 1233 982 1298 Quorum

183 1319 273 1354 reresm
283 1302 328 1354 illo
340 1310 455 1368 tempore
463 1303 654 1374 nibilfactnm‚
665 1303 979 1372 necogitatumqnidem.

181 1374 256 1425 nulla
271 1373 314 1423 len
327 1374 518 1440 prornrdgata‚
550 1390 601 1424 uon
617 1389 675 1424 curn
682 1376 781 1441 populo
792 1373 980 1441 agicoeptum,

182 1443 256 1494 ncilla
267 1441 376 1492 secessio
381 1441 474 1511 facto.
512 1443 658 1505 Hortatur,
669 1443 744 1493 cuius
754 1442 925 1509 imperatoris
936 1443 982 1493 du-

183 1521 229 1562 ctu
240 1527 329 1563 novem
340 1511 915 1584 aronisrcrrmublicamfelicissimegesserint
923 1513 981 1579 plu·

182 1580 305 1648 rinooque
322 1580 427 1647 proelia
447 1581 561 1632 secunda
575 1581 708 1651 fecerint,
739 1598 839 1632 onlnem
863 1582 983 1635 Galliam

187 1649 410 1714 Gerrrsaniamque
426 1650 602 1714 pacaverint,
630 1660 662 1702 ut
680 1651 735 1702 eins
756 1651 984 1704 existirrmtionern

183 1718 395 1785 dignitatemque
416 1718 449 1768 ab
469 1718 585 1770 inimicis
606 1721 761 1790 defendant.
803 1722 984 1772 Cirrscluniant

184 1787 302 1853 legionis
313 1787 387 1847 XIII,
409 1803 479 1852 quae
491 1789 597 1851 aderat,
618 1790 735 1852 milites,
755 1789 836 1853 (hunc
848 1793 920 1841 onim
932 1791 983 1840 ini·

183 1857 222 1905 tin
234 1854 369 1905 tumultus
381 1865 558 1922 consenseram
579 1857 704 1926 scIIqunc
716 1859 836 1910 nondum
849 1875 982 1910 convene-

183 1928 257 1986 nont)
269 1939 331 1976 sose
342 1931 454 1990 puratos
465 1941 535 1990 csse,
556 1929 733 1994 Imperatoris
743 1931 786 1980 sui
798 1929 983 1980 tribunorum·

182 2009 235 2060 quc
248 1992 335 2058 plebis
347 1994 461 2043 iniurius
472 1995 631 2048 defendere.

237 2063 307 2116 VIII.
330 2063 448 2131 Cognita
458 2065 575 2117 militum
588 2067 740 2135 nsoluntntc,
755 2070 908 2118 Ariminum
920 2083 982 2136 curn

181 2148 215 2184 en
226 2132 335 2200 legione
351 2131 550 2199 proficiscitur,
573 2139 665 2204 ibique.
676 2139 913 2203 tribunusplebis,
936 2139 982 2204 qui

182 2210 215 2254 all
228 2219 289 2255 eum
302 2201 499 2270 confugerant,
521 2210 661 2269 convenit3
682 2208 801 2274 reliquus
815 2209 936 2274 legumes
948 2222 980 2258 cx

182 2271 303 2326 hibernis
316 2280 414 2327 evocat
424 2281 452 2325 ct
463 2275 590 2342 subsequi
604 2278 688 2328 iubet.
710 2278 749 2328 Eo
761 2276 793 2328 L.
806 2279 908 2328 Caesar
918 2276 981 2326 udo-

182 2341 288 2395 Insccns
300 2349 383 2406 venit,
404 2347 483 2396 cuius
494 2352 573 2410 pater
585 2348 708 2397 Caesonis
719 2352 780 2398 erat
792 2346 911 2412 legatus.
947 2345 982 2406 Is,

184 2414 292 2481 reliquo
304 2429 431 2465 sermone
443 2414 582 2478 confecto,
612 2418 688 2466 cuius
701 2417 740 2466 rei
752 2431 850 2466 caussa
860 2421 985 2477 venerat,

186 2481 287 2534 habere
299 2499 328 2532 se.
345 2500 361 2534 a
373 2483 504 2550 Pompeio
522 2484 556 2534 ud
572 2501 633 2536 cuns
646 2487 745 2552 privati
761 2485 842 2536 oflicii
855 2484 985 2536 mundata

184 2550 368 2602 domonstrat:
385 2554 449 2603 oelle
460 2551 650 2618 Pompeiumne
664 2553 777 2606 Caesari
783 2563 943 2622 purgatum,
952 2569 985 2605 ne

184 2635 228 2678 en,
250 2635 317 2686 quae
328 2620 491 2686 reipublicae
503 2637 596 2673 caussa
608 2623 708 2690 egerit,
726 2624 755 2674 in
766 2639 843 2674 sunm
853 2631 986 2674 contume-

185 2684 249 2745 liam
261 2698 368 2744 uertat:
398 2703 497 2754 semper
509 2707 535 2740 se
549 2691 713 2756 reipublicae
724 2693 857 2754 consensoria
864 2690 985 2759 priuatis
