2150 3124
185 173 221 228 ca
350 145 429 227 'nn
452 164 591 226 canno
618 167 799 252 onnnrco

185 277 285 330 ventui
299 276 425 341 ferebat,
433 282 514 330 tauta
527 255 624 330 subito·
633 275 750 328 malacia
759 291 792 329 ac
800 276 996 346 tranquillitas

186 349 309 412 exstitit,
327 352 363 408 ut
377 363 408 400 se
423 362 459 402 ex
477 347 544 400 loco.
558 361 669 398 morere
684 361 739 398 non
754 351 874 412 possent.
912 346 995 409 erae

186 418 297 488 quidem
317 431 363 469 res
382 417 418 469 ad
434 418 577 485 negotium
591 415 792 469 conficiendum
804 417 923 468 maflare
940 415 996 468 suit
1051 426 1054 534 q

188 494 355 555 opportuna:
375 501 439 539 narn
454 487 578 556 singulas
592 488 679 539 nostri
690 487 841 538 consectati
851 500 995 554 expugna·

186 562 302 620 rerunt,
313 561 354 608 ‚ut
363 571 517 625 perpaucae
527 572 562 610 ex
572 557 646 608 omrai
657 571 786 618 numero,
805 558 896 608 noctis
907 556 996 608 inter-

186 633 285 690 ventu,
304 627 341 678 ad
360 632 463 680 terram
482 628 671 694 pervenerint,
690 641 773 694 quum
793 625 827 677 ab
848 623 918 678 hora
933 624 996 680 iere

187 693 287 765 quarta
298 697 432 765 usquead
442 696 509 749 solis
520 710 646 750 occasum
656 701 836 763 pugnaretur.
868 711 870 716 ·
929 719 931 724 .
980 733 983 744 .
1054 713 1055 718 ¹

217 764 313 820 .xvl.
349 767 412 829 Quo
425 765 531 834 proelio
547 765 651 818 ballum
667 766 996 833 Venetorumtotiusquo
1054 807 1055 834 ,

186 849 253 890 orae
263 837 419 890 maritimae
430 834 586 887 confectum
596 843 645 886 est
673 833 745 886 Narn
756 851 840 903 quum
852 839 943 888 ornnis
953 839 996 887 iu·

186 910 297 967 ventus,
317 919 413 956 omnes
423 905 506 956 etiarn
516 904 653 970 gravioris
661 905 777 967 aetatis,
795 906 824 954 in
836 907 935 973 quibus
947 904 997 956 ali·

186 974 254 1048 quid
265 972 375 1024 consilii
385 979 433 1024 aut
442 972 584 1039 dignitatis
595 971 662 1034 fuit,
673 986 706 1024 eo
718 981 917 1038 conveneraut3
932 973 995 1026 tu'm

184 1043 296 1104 navium
312 1042 386 1110 quod
399 1042 501 1108 ubique
517 1041 623 1103 fuerat,
646 1043 676 1092 in
690 1057 775 1092 unum
789 1042 880 1094 locum
896 1059 996 1110 coege-

184 1116 261 1164 rant:
282 1113 382 1180 quibus
396 1112 518 1173 arnissis,
533 1110 652 1179 reliqui,
670 1125 761 1178 neque
777 1125 832 1178 quo
846 1127 877 1164 se
888 1115 995 1178 recipe·

184 1187 261 1244 rent,
275 1197 366 1250 neque
381 1179 612 1249 quemadmodum
624 1180 725 1246 oppida
735 1179 931 1244 defenderent,
947 1180 995 1234 ha·

184 1251 296 1305 habant.
332 1249 428 1318 ltaque
439 1266 469 1302 se
479 1265 584 1317 suaque
596 1251 688 1302 omnia
698 1250 808 1302 Caesari
819 1250 993 1304 dediderunt.

184 1321 217 1374 ln
234 1335 304 1388 quos
319 1334 353 1372 eo
367 1321 477 1388 gravius
488 1321 589 1372 Caesar
599 1319 794 1374 vindicandum
803 1322 916 1384 statuit,
937 1335 992 1389 quo

185 1389 348 1458 diligentius
360 1392 390 1442 in
404 1390 543 1458 reliquum
552 1396 663 1458 tenipus
673 1405 691 1441 a
700 1389 826 1442 barbaris
836 1391 879 1441 ius
889 1390 995 1458 legato.

184 1474 246 1510 runr
257 1465 479 1512 conservaretur.
515 1459 626 1528 ltaque,
637 1460 712 1512 omni
721 1465 821 1515 senatu
830 1466 939 1524 necato,
949 1476 992 1514 re·

185 1528 276 1598 liquos
287 1531 338 1582 sub
349 1545 452 1584 corona
462 1529 593 1584 vendidit
1057 1585 1058 1608 ,

237 1599 326 1653 XVli.
361 1599 435 1652 Durn
454 1597 685 1658 haecinVenetis
703 1605 852 1668 geruntur,
872 1600 992 1663 QTitu-
1057 1615 1058 1618 ¹

185 1667 244 1720 rius
254 1667 373 1720 Sabinas
393 1685 456 1722 oum
470 1670 505 1720 iis
518 1671 615 1735 copiis,
635 1685 705 1738 quas
719 1685 737 1720 a
748 1672 867 1722 Caesare
881 1683 992 1734 accepe-

185 1743 243 1799 rat,
261 1739 291 1789 in
300 1739 372 1808 tinea
379 1738 540 1790 Unellorurn
553 1742 685 1805 pervenit.
721 1740 772 1790 His
783 1744 910 1806 praeerat
921 1738 992 1791 Viri·

185 1806 267 1857 dorix
281 1807 314 1859 a'c
329 1823 464 1860 summam
476 1809 585 1874 imperii
594 1810 708 1862 tenebat
719 1823 813 1861 earum
825 1807 946 1860 omnium
957 1807 990 1856 ci·

184 1872 322 1940 citatum,¹
335 1892 406 1944 quae
421 1876 595 1942 defecerant,
616 1893 649 1930 ex
666 1879 764 1947 quibus
774 1878 925 1930 exercituin
935 1890 990 1928 roa-

183 1958 307 2012 gnasque
328 1933 421 2013 copias
439 1953 577 2015 coegerat.
612 1949 702 2016 Atque
722 1946 765 2000 his
784 1948 879 2014 paucis
895 1946 990 1998 diebus

180 2014 292 2068 Aulerci
306 2017 474 2068 Eburovices
488 2017 671 2087 Lexouiique,
690 2023 789 2070 senatu
807 2031 858 2068 suo
877 2014 989 2076 interfe-

183 2089 242 2146 cto,
252 2085 327 2152 quod
338 2092 465 2139 auctores
475 2086 543 2139 belli
554 2103 613 2140 esse
625 2087 771 2151 nolebant,
782 2093 876 2154 portas
886 2086 988 2138 clauso-

183 2160 264 2218 runt‚
284 2169 369 2222 aeque
384 2171 448 2220 cunr
464 2156 619 2209 Viridovice
636 2159 850 2220 coniunxerunt3
880 2169 990 2222 magna-

184 2240 237 2292 que
257 2230 402 2291 praeterea
415 2225 566 2277 multitudo
581 2227 700 2295 undique
715 2241 748 2278 ex
760 2226 852 2278 Gallia
871 2225 990 2292 perdito·

183 2309 246 2346 rum
266 2293 407 2346 hominum
424 2294 618 2364 latronumque
631 2301 828 2358 convenerant,
848 2310 989 2363 quosspes

184 2363 335 2430 praedandi
347 2365 523 2433 studiumque
531 2365 692 2419 bellandiah
702 2366 874 2434 agricultura
884 2370 912 2418 et
923 2378 988 2433 quo-

181 2433 288 2484 tidiano
304 2431 400 2486 labore
417 2436 571 2488 revocabat.
612 2433 729 2488 Sabinus
744 2435 846 2492 idoneo
862 2436 987 2488 carnibus

182 2502 265 2553 rebus
277 2502 339 2554 loco
351 2505 449 2555 castris
459 2519 519 2556 sese
530 2507 658 2568 tenebat,
677 2520 761 2573 quurn
772 2505 916 2557 Viridovix
927 2518 986 2567 con·

182 2576 227 2620 tra
236 2586 297 2626 eum
308 2571 393 2624 duum
404 2573 508 2625 milium
519 2577 609 2641 spatio
620 2575 799 2640 consedisset,
811 2575 985 2643 quotidieque

182 2639 324 2703 productis
335 2643 420 2707 copiis
429 2645 567 2711 pugnandi
578 2650 744 2712 potestatem
755 2643 875 2707 faceret3
891 2648 922 2694 ut
933 2645 984 2694 ianr

181 2707 984 2778 noneolunhosoourinconumuonenSauinoveniret,
