2152 3144
239 237 243 250 ι
295 207 699 267 ALEXANDRINO.¹
837 207 888 264 3⁷⁷

80 315 150 370 lilio
165 327 265 384 apuam
281 311 393 365 noallac
410 321 537 380 peterent
542 351 550 378 ,
571 317 613 367 ael
622 331 639 367 a
649 313 763 369 nnuma
779 322 861 381 porte
872 331 890 366 e

84 383 264 447 Paraetonio,
274 385 316 436 ael
325 399 342 434 o
354 383 450 436 deutra
463 383 496 436 ab
507 385 596 438 imula
603 401 614 445 ;
632 401 699 453 quae
711 383 831 436 diuersae
841 399 889 435 nu·

81 453 233 525 rigationes
243 468 385 520 numquam
397 469 449 506 uuo
458 463 576 525 tempore
585 454 705 507 aduersis
715 453 802 506 omlis
807 469 889 520 prae·

22 571 24 576 .
80 527 263 578 eluderentur.
298 523 396 592 Fugae
415 539 477 575 aero
498 527 670 577 reclamem
686 523 890 577 consiliumnua

82 597 167 648 solum
178 593 222 656 iis,
243 593 414 660 paiprirnam
426 592 587 663 dignitatem
598 593 736 658 tolerent,
754 593 803 646 scd
810 611 842 645 ne
853 591 889 644 iis

83 665 198 734 quidem,
217 662 351 731 quinilil,
367 673 562 731 praeterquam
578 665 609 715 dc
629 664 697 728 aila,
717 663 889 734 cogitarent.-

82 750 181 803 rnagna
197 732 306 802 negotio
321 733 435 798 impetus
451 732 568 786 laustinus
583 735 706 786 aduersos
718 751 751 786 ea
761 731 888 785 munitio·

81 804 161 860 uibus
171 803 308 867 sustineri,
317 801 410 871 quibus
422 803 532 866 relictis,
543 820 590 856 nec
600 805 656 856 loca
667 821 715 856 nec
724 819 833 856 numero
839 818 889 871 po·

81 891 125 926 res
135 890 189 928 esse
196 889 288 941 passe:
305 889 434 940 magnam
445 881 534 926 autern
545 885 647 925 morarn
658 883 684 926 ct
699 871 890 940 difficultatem

82 945 237 996 adscensum
259 942 289 995 ia
310 959 390 995 naues
412 941 518 1007 lohere,
535 944 696 1013 pracsertim
717 961 750 996 ea
767 941 890 1012 scaphis.-

82 1029 212 1066 surnnaara
222 1030 277 1066 erse
287 1020 385 1064 contra
395 1011 620 1068 iuAlexoudriais
631 1013 809 1077 uelocitatem,
821 1013 889 1065 loco·

80 1098 192 1148 rumque
209 1093 236 1135 et
250 1081 436 1151 aedificiorum
454 1081 597 1136 notitiam.-
616 1083 672 1149 los,
689 1083 838 1152 praecipue
857 1081 888 1137 in

80 1152 196 1206 uictoria
207 1153 357 1215 insolentes,
373 1168 569 1220 praecursum
579 1163 606 1206 et
615 1157 674 1207 loco
686 1153 833 1206 excelsiora
845 1162 888 1204 at-

80 1240 130 1292 que
151 1221 277 1291 aedificia
297 1232 492 1289 occupaturam
508 1223 551 1275 ita
566 1223 642 1296 fuga
662 1222 827 1290 nauibusque
842 1239 887 1274 no·

79 1303 151 1346 rlror
166 1287 364 1361 prohibituros:
378 1292 493 1359 proinde
509 1293 566 1344 eius
580 1292 686 1347 cormilii
702 1291 886 1345 oblivisceren-

81 1373 129 1416 tur
139 1372 221 1430 atque
231 1361 418 1416 ammiratione
429 1379 483 1415 esse
493 1362 648 1416 uincendum
659 1362 825 1431 cogitarent.

66 1435 68 1438 ’
82 1475 84 1479 ,
125 1434 173 1486 ΙΧ.
185 1433 246 1484 Hac
257 1434 386 1483 oratione
397 1433 471 1497 apud
482 1445 547 1484 suos
559 1432 655 1485 habita
666 1438 749 1499 atque
762 1430 885 1483 omnium

79 1504 219 1564 mentibus
231 1501 371 1564 excitatis,
393 1501 440 1554 dat
451 1505 661 1554 centurionibus
672 1504 826 1569 negotium,
843 1505 886 1564 ut,

80 1574 196 1641 reliquis
218 1571 348 1638 operibus
368 1573 544 1636 intermissis,
567 1573 603 1624 ad
619 1571 765 1624 fodiendus
786 1575 886 1638 puteos

79 1646 201 1697 animum
214 1639 367 1704 conferant,
382 1657 452 1694 neve
463 1657 544 1710 quam
556 1648 664 1710 partem
675 1641 803 1692 nocturni
815 1646 886 1692 tens·

80 1716 157 1782 poris
178 1712 375 1764 intermittant.
422 1712 483 1773 Quo
505 1720 636 1778 suscepto
662 1713 774 1780 negotio
801 1717 885 1779 atque

81 1785 204 1836 omnium
215 1783 314 1834 animis
326 1781 361 1832 ad
372 1782 496 1834 laborem
507 1783 640 1845 incitatis,
660 1796 761 1849 magna
770 1795 827 1832 una
839 1794 886 1831 no·

82 1861 126 1907 cte
137 1857 177 1905 vis
193 1867 282 1921 aquae
293 1850 382 1904 dulcis
397 1855 511 1904 inventa
527 1847 577 1912 est.
614 1851 659 1904 lta
669 1853 794 1919 operosis
804 1851 900 1904 aleb.

79 1925 264 1976 andrinorum
276 1921 526 1984 machinationibus
540 1922 722 1990 maximisque
738 1921 884 1974 conatibus

79 2010 137 2046 non
152 1995 198 2046 lon
219 1995 227 2043 i
243 1994 377 2059 temporis
392 1993 489 2044 labore
505 2007 649 2046 occursum
662 1998 712 2045 est.
747 1993 789 2044 Eo
798 1990 884 2042 biduo

79 2063 176 2131 legio'
228 2061 307 2115 XVll
327 2077 362 2114 ex
384 2062 520 2114 dedititiis
541 2063 717 2130 Pompeianis
738 2061 884 2122 militibus,

69 2137 143 2185 'cuns
156 2130 306 2194 frumento,
327 2133 420 2194 armis,
440 2130 514 2194 telis,
535 2136 695 2196 tormentis,
715 2131 845 2199 imposita
854 2131 885 2179 iu

80 2217 167 2256 nares
178 2217 195 2252 a
205 2201 329 2253 Domitio
342 2200 472 2263 calvino,
494 2201 530 2252 ad
547 2202 633 2253 litora
644 2201 766 2263 Africae,
788 2198 884 2266 paullo

80 2285 167 2338 supra
181 2269 386 2332 Alexandriam,
409 2269 502 2322 delata
523 2277 575 2322 est.
612 2270 675 2322 Hae
696 2284 781 2322 naves
796 2272 884 2330 Euro,

80 2343 127 2411 qui
148 2341 250 2392 multos
270 2339 329 2391 dies
350 2339 524 2391 continenter
545 2339 639 2402 flabat,
659 2345 768 2408 portum
784 2353 884 2406 capere

7 2403 14 2416 '
78 2409 313 2480 prohibebantur:
333 2407 382 2460 sed
399 2407 462 2460 loca
477 2414 543 2462 sunt
559 2411 673 2477 egregia
690 2410 764 2460 omni
780 2409 830 2458 ilia
841 2423 884 2460 re·

79 2486 162 2550 gione
173 2479 208 2532 ad
220 2477 353 2532 tenendas
364 2493 499 2530 ancoras..
526 2480 563 2530 Hi
574 2495 657 2546 quum
669 2479 717 2530 diu
728 2481 882 2530 retineren·
919 2509 922 2515 ·

76 2561 125 2608 tur
136 2557 220 2619 atquc
235 2563 323 2617 aquae
334 2549 428 2615 inopia
439 2554 646 2615 premerentur,
666 2549 777 2618 navigio
789 2555 882 2602 actua·

76 2624 120 2676 rio
131 2624 277 2674 Caesarem
289 2617 396 2686 iaciunt
406 2621 563 2672 certiorem.

128 2691 163 2743 X.
184 2691 296 2753 Caesar,
317 2693 348 2740 ut
358 2704 409 2756 per
419 2691 605 2742 seconsilium
616 2694 744 2760 caperet,
765 2686 882 2758 quidfo-

78 2761 203 2818 eiemlum
216 2760 372 2828 rideretur,
391 2761 483 2815 navim
498 2763 659 2818 conscendit
674 2768 758 2832 atque
770 2773 881 2817 omnem
