2180 3140
405 145 553 205 [ABER
588 147 621 200 ll
866 144 919 200 293

113 251 344 318 tribunusplebis
359 252 451 319 legem
467 251 709 318 promulgaverat,
736 266 790 320 qna
799 251 863 320 lege
875 267 918 302 rc·

113 339 197 392 gnum
212 323 297 373 lubae
309 321 505 387 publicaverat.
543 321 717 372 Concurrunt
728 322 834 387 equites
844 322 919 373 inter

113 409 152 456 se,
163 406 253 458 neque
265 405 331 443 vero
343 392 462 458 primum
473 392 605 456 impeturn
616 389 918 445 nostrorumNurnidee
931 433 938 449 .

113 463 189 516 ferre
198 466 365 529 potuerunt3
375 459 425 512 sed
436 459 591 512 interiectis
603 462 714 512 circiter
725 460 806 523 CXX,
817 460 918 528 reliqui

113 549 144 584 se
158 533 188 590 in
204 536 294 581 castra
311 528 347 582 ad
367 531 498 598 oppidum
519 538 692 595 receperunt.
729 531 851 592 interim,
872 529 908 580 ad

114 607 197 653 ventu
213 601 359 666 longarum
373 603 492 662 narium,
513 600 597 650 Curio
618 603 801 666 pronunciare
821 615 919 651 onera·

113 671 164 724 riis
175 669 291 722 navibus
311 671 399 733 iubet,
420 683 492 738 qnae
508 669 621 720 stabant
635 669 670 720 ad
682 670 785 721 liticen
801 683 917 721 numero

116 740 227 792 circiter
238 739 387 801 ducentae,
405 736 599 790 scindentium
614 736 770 790 habiturum
786 741 851 801 loco,
872 737 919 804 qus‘

114 827 167 877 qen
182 824 217 860 ex
233 806 346 876 vestigio
361 808 399 859 od
412 817 504 860 corno
518 805 678 860 Corneliana
694 809 752 860 celo
768 807 918 860 direxisset.

115 881 178 942 Qua
188 878 418 944 pronunciatione
429 876 515 939 fecte,
533 878 667 943 temporis
678 875 790 947 puncto,
801 878 918 929 sublatis

114 947 235 1009 ancoris,
246 962 340 998 omnes
347 947 453 998 Uticam
465 949 627 1013 relinquunt
637 951 676 1008 et,
687 963 741 1014 quo
752 953 918 1015 roiperaturn

57 1081 65 1087 ,
115 1025 169 1081 cst,
190 1021 350 1068 transeunt:
369 1032 440 1086 quse
454 1032 501 1070 res
516 1019 637 1070 omniurn
653 1032 745 1070 rerum
757 1018 835 1084 copia
847 1031 918 1068 coni·

113 1088 202 1156 plevit
213 1087 377 1137 exercituin.

166 1155 267 1222 XXVl.
277 1157 328 1207 llis
338 1157 421 1208 rebus
433 1157 531 1224 gestis,
542 1156 624 1208 Curio
636 1171 666 1206 se
676 1157 705 1207 in
718 1167 808 1206 castra
820 1155 854 1206 ad
865 1155 918 1206 lla-

113 1225 229 1296 gradarn
250 1226 458 1293 recepitatque
478 1225 598 1278 universi
614 1229 754 1277 exercitus
765 1224 918 1277 conclama-

114 1297 191 1347 tione
210 1296 364 1362 imperator
384 1295 553 1361 adpellatur:
574 1303 742 1362 posteroque
753 1294 797 1345 die
809 1293 918 1344 Uticam

114 1367 267 1432 exercitum
279 1364 355 1416 ducit
366 1370 394 1415 et
404 1379 489 1432 prope
500 1364 632 1431 oppidum
642 1371 735 1416 castra
745 1363 832 1430 pouit.
845 1361 919 1412 Non-

114 1436 179 1486 dum
191 1449 275 1501 opere
285 1442 440 1486 castrorum
453 1433 593 1501 perfecto,
615 1435 722 1502 equites
744 1447 780 1483 ex
793 1432 917 1482 statione

115 1506 260 1566 nunciant,
281 1519 383 1570 magna
402 1503 508 1555 auxilia
529 1503 652 1569 equitum
673 1502 861 1568 peditumque,
883 1501 917 1552 ab

115 1589 182 1641 rege
194 1572 290 1635 misso,
312 1573 419 1624 Uticam
435 1573 543 1624 venire:
563 1571 714 1639 eodemque
730 1575 855 1637 tempore
875 1573 917 1620 sis

114 1658 216 1710 magna
237 1643 358 1708 pulveris
379 1642 564 1704 cernebatur,
587 1646 616 1692 et
636 1641 759 1709 vestigio
781 1643 916 1706 temporis

114 1715 231 1780 primunr
248 1725 348 1780 agmen
360 1719 422 1763 erat
435 1713 464 1762 in
477 1716 636 1778 conspecto.
672 1711 802 1764 Novitate
813 1712 853 1760 rei
865 1711 917 1760 Cu-

114 1783 157 1834 rio
168 1789 320 1848 permotus,
340 1782 497 1848 praemittit
508 1781 626 1850 equites,
646 1782 692 1849 qui
704 1782 821 1847 prinlum
832 1781 917 1846 impc-

113 1858 174 1904 tum
186 1853 344 1904 sustineant
355 1867 387 1903 ac
396 1857 553 1904 morentur:
565 1853 634 1918 ipse,
645 1852 775 1904 celeriter
785 1850 820 1901 ab
832 1865 917 1916 opere

114 1921 242 1973 deductis
262 1922 431 1988 legionibus,
452 1922 539 1974 aciem
556 1921 679 1972 instruit.
716 1920 831 1988 Equites
843 1931 905 1970 coro

109 1992 231 2044 mittunt
243 1991 391 2056 proeliumz
407 1999 436 2044 et
446 1992 533 2059 prius,
545 1979 626 2058 quam
637 1990 719 2058 plane
732 1991 858 2057 legiones
871 2005 917 2039 cx·

98 2070 100 2074 ’
115 2059 212 2124 plicari
224 2067 252 2110 et
263 2061 418 2112 consistere
429 2067 552 2129 possent,
572 2065 633 2112 tcta
643 2060 748 2111 auxilia
759 2060 845 2124 regis,
866 2060 916 2108 int·

114 2129 209 2194 pedita
220 2133 253 2180 ac
263 2129 440 2195 perturbata,
461 2129 535 2196 quod
556 2130 633 2180 nullo
654 2129 751 2180 ordine
768 2134 796 2178 et
811 2129 871 2177 sinc
882 2129 917 2176 ti·

113 2213 192 2251 more
202 2197 402 2260 iterfecerunt,
412 2199 441 2250 in
453 2197 547 2264 fugans
559 2214 588 2250 sc
600 2198 764 2249 coniiciunt:
776 2197 916 2264 equitatu-

114 2281 168 2333 que
180 2267 255 2316 cmni
266 2266 326 2318 fere
338 2266 480 2329 incolumi,
491 2267 563 2332 quod
575 2282 605 2318 se
615 2281 666 2333 per
677 2267 775 2316 littora
785 2263 916 2316 celeriter

95 2349 97 2356 ·
111 2337 143 2386 ic
156 2334 287 2400 oppidum
299 2337 416 2402 recepit,
438 2343 568 2403 triagnum
583 2335 709 2402 peditum
721 2347 864 2386 numerum
875 2332 916 2382 in-

114 2404 269 2458 terficiunt.
389 2443 391 2448 .

159 2474 272 2525 xxvii.
292 2473 421 2524 Proxima
432 2479 514 2526 nocte
526 2473 702 2525 centuriones
713 2473 803 2526 Mursi-
813 2473 868 2523 dno
881 2487 916 2525 cx

113 2543 213 2598 castris
225 2544 353 2594 Curionis
368 2557 429 2594 curn
448 2543 663 2610 manipularibus
684 2543 742 2594 suis
763 2541 872 2595 duobus
888 2547 917 2594 ot

110 2613 215 2682 uiginti
230 2613 266 2664 ad
275 2613 382 2665 Attium
395 2613 496 2665 Varum
517 2611 688 2680 perfugiunt.
724 2613 763 2665 Hi
778 2629 827 2666 seu
841 2625 917 2674 rere,

111 2699 196 2753 quern
207 2683 370 2744 habuerant,
390 2683 549 2750 opinionem
562 2683 597 2736 sd
610 2682 838 2752 comperierunt,
857 2683 916 2734 sire
