2152 3144
329 201 698 256 ALEXANDRlNO.
866 203 917 256 39⁷

115 311 187 356 runt.
226 306 405 358 itarietrices
425 307 501 374 regis
523 307 618 372 copiae
640 321 727 357 cornu
747 320 798 356 suo
816 305 914 360 dextrd
951 369 954 377 s

85 425 87 435 ,
114 376 258 442 inediaque
278 377 337 428 acie
360 382 561 428 converterunt
576 391 606 427 se
623 375 658 426 ad
670 375 840 426 tricesimam
856 389 916 428 oex-

112 451 167 496 tam
184 445 336 512 legionem:
356 461 426 514 quae
441 452 536 498 tamen
553 445 849 497 sortiterriucentium
866 446 918 498 im·

112 522 205 582 petum
216 516 365 580 sustinuit3
383 518 492 584 magnis
504 517 592 582 copiis
604 513 725 566 hostium
738 516 918 580 circumdata,

111 585 395 653 praesentissimoque
407 589 500 636 animo
513 601 641 654 pugnans
653 587 681 635 in
698 585 808 648 orbem,
829 601 860 638 se
876 602 919 638 rc-

112 655 187 720 eepit
207 653 242 704 ad
265 655 372 706 radices
395 657 543 706 montium:
564 670 617 722 quo
630 654 787 706 Pharnaces
799 658 919 728 insequi,

112 728 226 792 propter
241 724 417 792 iniquitatem
429 725 493 788 loci,
510 727 607 776 noluit,
643 727 695 787 lta,
706 723 822 777 Pontica
833 725 919 794 legio-

84 815 87 820 ·
112 809 146 844 ne
159 807 247 858 paene
257 799 318 846 tota
329 797 439 858 amissa,
454 810 555 862 magna
567 799 647 862 parte
658 795 788 846 Deiotari
799 795 919 846 militum

112 861 271 926 interiecta,
289 867 431 916 tricesima
442 875 522 916 sexta
534 866 607 932 legio
620 867 648 914 in
659 865 721 916 loca
731 881 761 916 se
772 867 919 932 superiora

112 932 239 994 contulit,
260 948 316 984 non
328 935 446 1002 amplius
459 935 585 987 ducentis
597 940 626 986 et
637 937 836 1003 quinquaginta
848 935 920 986 desi·

112 1001 227 1053 duratis.
264 1004 430 1056 Ceciderunt
442 1020 475 1056 eo
487 1006 595 1074 proelio
612 1005 750 1072 splendidi
763 1012 845 1074 atque
856 1003 920 1056 illu·

111 1081 185 1122 strcs
195 1071 248 1142 riri
260 1074 385 1126 nonnulli
397 1077 504 1142 equites
516 1075 641 1126 Romani.
678 1077 740 1138 Quo
760 1081 856 1144 tamen
876 1076 919 1125 in·

112 1143 257 1194 commodo
270 1143 409 1196 Domitius
421 1151 544 1211 accepto,
566 1145 698 1213 reliquias
711 1143 918 1199 exercitusdis·

112 1212 197 1278 sipati
208 1213 337 1282 collegit,
358 1215 562 1282 itineribusque
574 1219 642 1266 tutis
654 1230 704 1283 per
716 1213 918 1282 Cappadociam

113 1297 142 1332 sc
154 1283 182 1330 in
194 1283 287 1332 Asiam
299 1287 415 1352 recepit.

165 1350 236 1402 ΧΗ.
255 1351 423 1418 Pharnaces,
435 1356 518 1406 rebus
528 1352 658 1404 secundis
671 1352 770 1414 elatus,
786 1367 871 1420 quum
884 1353 919 1405 de

113 1421 231 1472 Caesare
243 1438 285 1484 ea,
309 1437 380 1492 quae
397 1426 521 1490 optabat,
543 1427 679 1488 speraret,
702 1421 820 1473 Pontum
833 1425 921 1484 omni·

111 1490 164 1542 bus
177 1492 264 1557 copiis
277 1495 434 1560 occupavit:
453 1496 557 1562 ibique,
570 1497 598 1544 et
609 1492 708 1555 victor,
720 1497 750 1542 et
761 1491 920 1544 crudelissi-

111 1575 173 1611 mus
195 1575 259 1624 rex,
280 1578 364 1630 quum
386 1565 440 1615 sibi
462 1564 602 1615 fortunam
625 1568 770 1628 paternam
794 1559 919 1614 feliciore

112 1635 215 1682 eventu
228 1631 395 1696 destinaret,
419 1634 509 1685 multa
530 1632 631 1698 oppida
646 1632 824 1698 expugnarit,
845 1631 920 1684 bona

112 1700 212 1751 civium
224 1700 412 1754 Romanorum
425 1704 662 1768 Ponticorumque
679 1701 803 1766 diripuit,
815 1703 918 1770 suppli-

111 1769 155 1818 cia
165 1773 310 1822 constituit
321 1772 348 1822 in
362 1787 419 1836 eos,
436 1776 481 1840 qui
495 1773 615 1841 aliquam
629 1771 736 1822 formae
748 1777 831 1837 atque
841 1778 917 1822 aeta

111 1839 149 1888 tis
160 1841 429 1895 commendationem
451 1844 600 1906 habebant,
622 1856 663 1905 ea,
685 1855 755 1909 quae
770 1847 861 1892 morte
878 1857 918 1894 es·

111 1915 173 1959 seut
184 1912 344 1976 miseriora3
358 1911 532 1980 Pontumque
545 1914 621 1964 nullo
633 1910 814 1974 defendente,
825 1915 917 1980 pater-

110 1993 178 2030 num
190 1995 306 2048 regnum
318 1997 348 2033 se
360 1984 499 2051 recepisse
512 1985 647 2052 glorians,
658 1981 811 2033 obtinebat.

163 2049 250 2102 XLll.
269 2049 324 2102 Sub
336 2051 409 2103 idem
421 2060 532 2120 tempus
542 2054 571 2104 in
582 2052 694 2118 illyrico
707 2055 750 2103 est
764 2051 917 2103 incommo-

111 2119 174 2170 dum
194 2127 350 2186 acceptum:
370 2137 440 2188 quae
457 2123 599 2190 provincia
614 2121 803 2188 superioribus
818 2126 918 2173 mensi·

110 2189 161 2239 bus
172 2195 283 2240 retenta
293 2204 349 2240 non
364 2196 474 2242 tantum
492 2192 552 2243 sine
572 2193 741 2258 ignominia,
763 2191 813 2241 sed
832 2193 916 2243 etiam

110 2273 172 2309 cum
194 2257 277 2310 laude
299 2264 369 2310 crat.
405 2261 531 2329 Namque
554 2275 586 2312 eo
603 2262 703 2312 missus
724 2265 832 2312 aestate
853 2277 915 2314 cum

110 2327 217 2380 duabus
228 2327 389 2395 legionibus
401 2331 433 2394 Q.
445 2332 624 2393 Cornificius,
645 2331 771 2382 Caesaris
783 2336 917 2398 quaestor

109 2404 316 2465 propraetore,
332 2415 497 2468 quamquam
515 2405 576 2453 erat
591 2401 735 2468 provincia
745 2401 859 2453 minime
872 2417 916 2454 co·

109 2469 192 2536 piosa
204 2468 239 2518 ad
256 2470 394 2520 exereitus
411 2470 526 2524 alendos
543 2476 572 2521 et
587 2473 705 2522 finitimo
721 2470 796 2524 bello
813 2488 845 2524 ac
861 2471 914 2524 dis-

110 2537 287 2590 sensionibus
299 2537 427 2591 confecta
438 2546 467 2591 et
476 2547 594 2605 crustata,
615 2548 710 2593 tamen
721 2543 871 2607 prudentia
882 2547 915 2595 ac

111 2607 328 2676 diligendarum,
345 2610 419 2676 quod
432 2625 561 2678 magnam
572 2627 666 2663 curam
678 2612 861 2679 suscipiebat,
878 2629 914 2665 ne

110 2692 164 2744 quo
185 2683 291 2730 temere
312 2681 545 2746 progrederetur,
566 2688 596 2733 ot
614 2681 719 2748 recepit
734 2689 763 2735 et
779 2681 914 2735 defendit.

112 2746 236 2818 Namque
257 2755 285 2800 et
305 2749 421 2802 castella
442 2753 599 2818 complura,
619 2753 688 2805 locis
709 2753 791 2806 editis
814 2757 913 2824 posita.
