2168 3134
347 165 495 220 Lines
529 165 615 220 Vlll.
831 167 885 220 212

77 277 107 325 in
117 272 318 326 frumentarios
333 273 384 328 sub
395 274 484 338 ipsam
494 271 582 322 lucem
594 271 730 338 impetum
741 271 816 325 feeit.
852 273 884 336 li,

77 345 226 411 repentino
237 343 311 392 nisio
325 343 480 410 perterriti,
512 341 662 408 diffugiunt
672 341 707 392 an
719 357 770 393 sua
782 344 884 409 praesi-

76 413 137 464 dia:
160 427 232 480 quae
243 413 333 462 nostri
345 417 377 462 nt
387 412 526 474 viderunt,
547 413 639 462 acrius
651 419 749 462 contra
760 419 884 463 armatos

75 485 202 546 incitati,
232 483 370 533 neminem
382 496 417 533 ex
427 498 460 533 eo
472 495 590 532 numero
601 482 691 530 vitum
703 483 764 547 capi
774 484 885 550 patiun-

75 560 133 604 tur.
170 551 277 619 Effugit
286 547 352 602 in'de
363 567 424 602 eum
436 552 532 618 paucis
543 549 702 616 Lucterius,
713 567 765 604 nee
774 568 804 603 se
817 554 885 604 reei-

94 619 267 674 itincastri.
384 671 388 678 ,

75 637 93 690 p
129 691 256 744 xxxvl.
278 691 321 742 Re
340 691 412 742 bene
431 699 527 758 gesta,
558 691 692 743 Caninius
714 705 751 744 ex
770 693 885 760 captivis

75 763 220 828 comperit,
244 768 353 828 partem
374 761 516 828 copiarum
537 761 758 828 cum'Drappete
779 777 840 814 esse
855 765 884 813 in

77 832 179 882 eastris
193 847 210 882 n
224 831 336 881 milibus
347 846 403 882 non
415 829 536 897 amplius
551 830 612 882 Xll.
648 831 711 893 Qua
722 847 752 884 re
765 847 801 884 ex
812 847 885 883 cunt·

78 901 205 968 pluribus
216 903 337 969 cognita,
355 917 439 968 quum
451 900 641 968 intellegeret,
657 900 755 970 fugato
767 901 836 953 duee
846 902 885 952 al·

3 983 4 992 ¹
76 982 150 1034 tero,
170 971 339 1036 pertenitos
350 971 475 1038 reliquos
485 969 567 1023 facile
580 972 698 1038 opprimi
711 987 805 1038 posse:
826 985 883 1022 nia-

75 1056 149 1109 gnae
161 1040 380 1092 felicitatis'esse
392 1037 590 1104 arbitrabatur,
602 1043 739 1094 neminem
752 1057 786 1094 ex
798 1041 884 1094 caede

75 1110 216 1178 refugisse
227 1113 256 1162 in
273 1118 380 1173 castra,
410 1112 457 1178 qui
474 1110 507 1164 de
520 1113 633 1178 accepia
643 1113 804 1164 calamitate
815 1127 884 1162 nun-

54 1225 58 1234 ,
75 1183 150 1236 cium
163 1181 301 1248 Drappeti
313 1181 462 1248 perferret.
499 1179 554 1233 Sed
564 1181 592 1231 in
608 1183 779 1249 expoliando
796 1197 881 1250 quum

75 1250 232 1318 peniculum
248 1251 353 1302 nullum
369 1251 491 1313 videret,
522 1251 676 1318 equitatum
693 1267 803 1303 emnem
816 1252 885 1304 Ger-

76 1336 229 1388 manosque
240 1321 362 1386 pedites,
385 1333 508 1372 summae
520 1321 678 1372 velocitatis
690 1321 827 1384 homines,
849 1321 885 1372 ad

77 1398 172 1442 castra
192 1389 311 1442 hostium
329 1391 496 1457 praemittit:
527 1392 588 1458 ipse
603 1392 740 1458 legionem
758 1407 840 1441 uuam
856 1392 886 1441 in

76 1462 154 1512 trina
166 1468 257 1515 castra
269 1459 419 1522 distribuit,
430 1462 549 1512 niteram
563 1474 655 1512 secum
666 1460 825 1526 expeditam
838 1458 885 1510 du·

77 1535 126 1582 eit.
163 1531 255 1593 Quum
266 1533 378 1598 propius
390 1529 478 1580 bustis
488 1532 658 1592 accessisset,
681 1533 714 1582 ab
727 1531 886 1596 explorato·

3 1597 4 1606 ’
78 1603 168 1663 nibus,
189 1616 258 1668 quos
270 1601 466 1666 praemiserat,
492 1601 648 1668 cogitoseit,
675 1606 885 1666 castaeorum,

77 1679 110 1722 ut
119 1671 303 1723 barbarorum
316 1670 373 1722 ient
387 1671 577 1734 consuetudo,
609 1671 713 1722 relictis
728 1670 796 1722 lucis
807 1677 886 1736 snpe-

79 1741 215 1803 rioribus,
235 1741 269 1791 ad
281 1743 356 1807 ripas
367 1741 487 1790 lluminis
499 1755 560 1792 esse
571 1740 704 1792 demissa:
729 1747 759 1792 at
770 1739 885 1792 Germa·

80 1827 131 1861 num
143 1817 306 1878 equitesque
317 1811 540 1876 imprudentibus
553 1811 680 1862 ominbus
691 1809 725 1861 de
733 1810 885 1878 improviso

15 1894 19 1899 ’
78 1880 226 1932 advolasse
238 1887 267 1932 et
277 1881 413 1948 proelium
432 1882 612 1933 commisisse.
650 1883 712 1944 Qua
723 1897 752 1933 te
764 1879 885 1950 cogitita,

79 1951 219 2018 legionem
232 1959 367 2002 anniatam
381 1953 598 2019 instructamque
608 1951 729 2003 adducit.
766 1952 820 2014 lta,
842 1967 884 2002 re·

80 2029 163 2086 pente
176 2021 302 2071 ‹imnibus
314 2036 348 2072 ex
360 2022 484 2088 partibus
497 2021 659 2088 signodatn‚
674 2021 886 2087 lucasuperiora

79 2089 243 2158 capiuntur,
274 2089 353 2154 Quod
365 2091 411 2140 ubi
430 2091 545 2153 accidit,
567 2091 699 2142 Germani
714 2095 885 2158 equitesque,

19 2187 23 2194 ·
80 2161 169 2228 signis
192 2159 310 2227 legionis
330 2159 409 2222 visis,
439 2159 683 2211 vehementissime
700 2161 885 2226 proeliantur:

81 2229 231 2281 eutilestim
242 2229 372 2281 cobortes
382 2229 506 2297 undique
516 2231 651 2296 impetum
664 2229 778 2291 faciunt,
799 2227 885 2278 onini-

81 2301 189 2367 busque
201 2305 250 2352 aut
259 2299 427 2362 interiectis,
443 2305 492 2350 aut
502 2301 600 2365 captis,
612 2313 712 2366 tiingna
722 2297 828 2364 praeda
841 2310 885 2363 po·

81 2371 204 2422 tinctus:
227 2371 335 2435 capitur
346 2371 405 2436 ipse
417 2383 451 2420 eo
463 2369 570 2435 proelio
582 2369 719 2434 Drappes.

133 2439 274 2492 xxxvlt.
298 2441 446 2502 (lenicius,
474 2437 635 2490 felicissime
652 2453 682 2488 re
698 2443 795 2505 gesta,
825 2439 885 2488 sine

81 2509 140 2562 ullu
152 2523 241 2576 paene
250 2509 348 2564 militis
359 2509 484 2577 uulnere,
505 2509 540 2560 ad
552 2507 720 2560 obsidendos
733 2507 886 2574 oppidanos

83 2581 249 2642 revertitu1·;
273 2576 448 2647 externoque
464 2577 545 2631 hoste
561 2577 667 2638 deleto,
689 2579 767 2630 uilius
784 2579 886 2630 timore

82 2657 167 2703 antea
178 2663 281 2716 engere
292 2650 435 2715 praesidis
450 2656 479 2702 et
497 2651 653 2702 munitione
670 2649 823 2716 oppidanos
835 2649 885 2699 cin·

83 2721 214 2772 cumdate
225 2717 381 2785 prohibitus
393 2727 463 2784 etat,
481 2735 564 2789 opera
574 2719 699 2790 undique
710 2721 829 2789 imperat
839 2717 885 2770 ad·
