2134 3148
335 169 590 238 ararenNo‘.
809 167 854 220 451

66 288 153 344 pauno,
174 271 319 328 ordinesin
330 288 385 323 meu
397 271 518 322 exercitu
534 269 673 340 beneficio,
694 287 745 322 non
761 269 862 322 virtute
904 305 908 314 ·

8 393 9 402 ,
66 341 204 404 eornccuti,
219 341 259 392 ito
271 357 316 393 vos
324 339 474 410 gesseritis,
489 348 519 391 ot
531 355 613 408 neque
624 343 690 392 bello
700 341 802 410 fortes,
820 357 861 406 rec·

8 405 10 488 j
66 429 112 480 que
120 428 185 478 poce
197 409 258 462 boni
268 421 318 462 aret
326 410 406 462 temler
416 409 540 482 fueritis,
560 419 588 462 et
598 410 685 480 treugis
693 411 723 461 in
734 407 862 460 seditione

8 491 9 546 ᾗ
66 481 278 547 conicitondt'sque
298 478 428 532 militibus
443 481 569 533 adversos
583 489 701 531 oestrum
719 478 862 545 irruperat!-

8 553 9 580 ³
63 567 124 613 rerrr,
135 566 214 618 quom
224 549 337 616 pudoris
347 550 542 618 ruodestioeque
547 549 663 622 fueritis
674 547 847 600 studiosiores
852 564 862 616 ,¹

8 1221 15 1351 l

12 1412 16 1511 ι

63 619 184 690 trudignm
197 635 240 682 vos
253 634 306 670 este
317 619 447 683 arbitror,
463 619 510 688 qui
520 621 549 672 io
560 637 615 672 uteo
627 619 749 673 exercitu
759 618 862 670 orulinet

64 690 176 752 ducatis,
187 689 330 758 missosque
339 689 427 761 facio,
438 699 473 752 et,
485 699 615 758 qrtontum
622 699 720 756 potest,
731 689 820 740 obesse
830 703 863 738 cx

64 757 161 830 Africo
180 758 266 812 iubeo.
303 758 398 826 ltaque
419 759 569 810 transdidit
584 775 632 820 eos
643 760 863 814 centurionibus:

64 837 92 880 et
106 828 220 896 siugulis
235 845 289 880 non
307 829 425 896 amplius
447 829 571 896 singulos
591 829 703 880 additos
722 845 820 894 serios
836 829 862 886 in

64 901 151 950 nescim
165 898 346 964 imponendos
357 900 508 965 separatim
522 899 635 950 curauit.
805 959 807 964 Ι
859 956 861 962 Ι

112 968 173 1020 ΙΝ.
192 967 304 1020 Gaetuli
317 970 429 1020 interim
441 967 587 1036 perfugae,
609 985 678 1037 quos
690 986 751 1021 cunr
763 969 865 1033 litteris

64 1038 256 1106 nrarrdatisquc
268 1053 284 1087 a
296 1039 414 1104 Caesare
430 1040 528 1090 urissos
549 1055 633 1106 supra
654 1040 811 1102 docuimus,
831 1039 864 1090 ad

64 1123 128 1160 suos
140 1109 211 1158 cives
224 1110 401 1174 perveniunt3
420 1123 537 1176 quorum
548 1111 717 1174 auctoritate¹
726 1108 809 1160 facilc
820 1108 865 1173 ad·

65 1179 148 1242 ducti,
169 1177 352 1245 Caesarisque
363 1181 474 1229 nomine
486 1180 621 1246 persuasi,
638 1194 654 1228 a
665 1194 732 1246 rege
743 1181 809 1229 luba
820 1178 866 1228 de·

64 1250 184 1300 sciscunt
195 1247 377 1314 celeriterque
389 1249 481 1306 cuncti
492 1264 569 1298 arma
579 1249 701 1314 capiunt,
717 1254 866 1314 contraque

12 1358 15 1389 ,
64 1313 157 1384 regem
170 1315 263 1367 facere
274 1333 329 1367 non
341 1317 479 1369 dubitant.
516 1318 623 1379 Quibus
640 1318 722 1368 rebus
738 1317 868 1384 cognitis,

62 1390 141 1456 Iuba,
153 1387 291 1438 distentus
303 1387 404 1452 triplici
416 1387 499 1448 bello,
511 1389 735 1454 necessitateque
747 1395 868 1448 coactus,

66 1459 100 1509 de
111 1458 168 1508 suis
179 1457 276 1523 copiis,
291 1473 359 1524 quas
370 1464 467 1507 contra
476 1457 624 1527 ¹Caesarem
636 1457 802 1517 adduxerat,
820 1472 867 1506 sex

9 1571 10 1588 2
65 1525 196 1578 cohortes
207 1527 236 1575 in
247 1527 316 1578 lines
327 1527 408 1594 regni
419 1527 462 1578 sui
473 1529 568 1589 mittit,
580 1541 650 1594 quae
661 1534 756 1578 essent
766 1528 868 1592 praesb

67 1597 113 1648 dio
126 1603 224 1646 contra
235 1594 378 1647 Gaetulos.

75 1725 77 1733 Ι
118 1660 191 1720 livi.
210 1663 320 1727 Caesar,
339 1663 461 1717 brachiis
477 1664 611 1732 perfectis
622 1667 814 1733 promotisque
827 1682 868 1717 us·

65 1753 119 1805 qne
132 1752 174 1798 eo,
186 1750 240 1802 quo
252 1735 336 1786 telum
348 1752 384 1787 ex
395 1736 495 1802 oppido
507 1736 589 1804 adiici
601 1750 656 1786 non
666 1741 768 1801 posset,
780 1742 868 1788 castro

64 1808 169 1873 esuriit:
181 1805 290 1856 balistis
301 1806 547 1873 scorpionibusque
559 1806 663 1857 crebris
674 1812 737 1858 ante
749 1806 869 1858 frontem

65 1883 221 1927 castrorum
233 1880 386 1946 contraque
398 1876 527 1941 oppidum
539 1876 691 1938 collocatis,
708 1875 870 1928 defensores
913 1895 919 1901 ·

64 1948 138 1996 muri
150 1947 292 1996 deterrere
304 1961 357 1996 nori
370 1946 543 1996 intermittit:
556 1961 645 2012 eoque.
654 1947 774 2012 quinque
786 1947 870 2014 legio.

8 2071 9 2076 ,
64 2013 115 2066 nes
128 2016 363 2080 exsuperioribus
383 2017 483 2067 eastris
505 2017 623 2067 deducit.
661 2007 870 2076 Quia'facultate

65 2085 175 2146 oblata,
192 2085 362 2137 illustriores
374 2087 566 2152 notissimique
582 2093 759 2152 conspectum
772 2088 870 2136 anneo-

65 2169 126 2206 rum
149 2156 421 2222 propinquorumque
444 2154 633 2222 efflagitabant
652 2161 734 2222 atque
751 2156 826 2206 intcr
842 2172 871 2204 se

64 2224 306 2292 colloquebantur.
348 2225 426 2286 Quae
447 2239 491 2275 res
512 2225 577 2291 quid
597 2224 728 2274 utilitatis
748 2223 870 2285 haberet,
940 2252 943 2260 ν

65 2295 212 2344 Caesarem
226 2309 281 2342 non
297 2293 420 2345 l'allebat.
441 2292 568 2360 Namque
580 2293 690 2344 Gaetuli
701 2309 736 2345 ex
747 2295 870 2360 equitatu

65 2365 147 2431 regio
161 2359 327 2426 nobiliores,
349 2363 528 2431 equitumque
540 2362 684 2432 praefecti,
695 2379 812 2430 quorum
825 2379 870 2430 pa

63 2441 126 2486 trcs
146 2447 207 2482 curn
223 2433 315 2482 Mario
332 2439 396 2484 ante
412 2440 580 2495 meruerant,
604 2435 717 2500 eiusque
737 2435 870 2494 benolicin

63 2504 143 2570 agris
164 2503 319 2569 finibusque
341 2502 447 2564 donati,
467 2509 530 2567 post
546 2500 641 2554 Sullae
658 2504 804 2554 uictoriam
822 2505 870 2554 sub

63 2572 238 2639 Hiempsalis
253 2574 328 2640 regis
344 2579 423 2625 erant
438 2578 577 2639 potestate
590 2571 658 2635 dati,
674 2575 817 2625 occasione
830 2589 871 2624 ca·

63 2649 126 2710 ptri,
138 2653 228 2705 nocte,
249 2643 302 2693 iarn
320 2642 470 2694 luminibus
482 2643 615 2701 accensis,
638 2660 698 2695 curn
711 2646 789 2711 cquis
801 2645 870 2696 calo

64 2714 204 2782 urbesque
226 2713 285 2764 suis
306 2714 417 2766 circiter
440 2713 504 2765 milo
521 2712 681 2833 perlubgipgt
697 2715 723 2766 in
746 2715 869 2767 Caesam·
