2152 3132
337 150 540 206 'LIBER
568 151 600 204 V.
862 157 894 208 oe

119 254 211 308 xvn.
231 253 350 308 Postero
364 256 412 308 die
427 255 553 322 procula
564 257 662 307 castris
673 255 768 309 hostes
779 259 807 310 in
819 259 893 311 eolli-

85 327 137 382 bus
149 325 338 377 constiterunt
348 327 460 394 rarique
471 343 500 378 se
512 326 799 391 ostendereetlenius,
811 345 892 395 quam

84 396 193 462 pridie,
214 403 326 448 nostros
342 397 450 463 equites
466 396 572 462 proedo
589 395 726 448 lacessere
736 407 891 463 coeperunt.

84 463 142 517 Sed
155 465 285 526 meridie,
310 482 394 533 quum
407 466 509 516 Caesar
521 465 669 530 pabulandi
681 483 778 518 caussa
788 474 846 518 tres
858 467 892 518 le·

84 537 187 602 giones
203 540 287 602 atque
299 551 411 587 omnem
423 537 576 604 equitatum
589 551 650 586 eum
662 536 690 586 C.
702 537 842 588 'l'rebonio
855 537 891 586 le-

84 611 154 672 gsto
165 607 299 666 misisset,
321 610 438 670 repente
450 621 485 655 ex
496 606 624 655 omnibus
635 607 759 670 pertibus
770 607 804 656 od
813 607 892 671 pabu-

83 675 195 726 latores
214 675 428 737 advolaverunt,
447 677 502 734 sie,
518 677 559 725 uti
575 675 609 724 ab
625 676 711 742 signis
727 676 893 743 legionibus·

84 759 141 812 que
154 758 209 792 non
222 744 401 797 absisterent.
442 744 552 804 Nostri,
574 746 677 796 aeriter
687 746 716 795 in
729 761 777 795 eos
790 747 892 811 impetu

86 813 180 875 facto,
201 813 381 878 repulerunt,
404 829 494 881 neque
510 817 594 865 linem
611 815 745 881 sequendi
758 815 893 876 lecerunt,

86 883 181 951 quoad
198 883 321 934 subsidio
336 885 432 935 conlisi
449 887 572 950 equites,
593 900 677 951 quum
692 890 756 950 post
767 901 797 936 se
810 884 893 951 legio·

85 968 139 1003 nes
152 952 287 1015 riderent,
304 954 470 1019 praecipites
483 945 578 1004 lrostos
590 961 721 1021 egerunt:
737 970 892 1022 magnoque

86 1037 186 1074 eorum
199 1038 314 1073 numero
326 1022 490 1085 interfecto,
513 1038 603 1090 neque
615 1024 658 1074 sui
670 1025 831 1091 colligendi,
848 1041 893 1076 ne·

85 1107 142 1158 qne
155 1093 333 1153 consistendi,
349 1098 397 1142 aut
408 1107 444 1144 ex
455 1092 560 1143 essedis
572 1093 719 1144 desiliendi
732 1095 891 1146 fucultatem

84 1161 235 1212 dederunt.
272 1163 314 1214 Ex
326 1161 376 1212 hae
387 1161 453 1228 fuga
464 1163 598 1228 protinus,
614 1179 685 1230 quoe
698 1164 818 1229 undique
831 1179 893 1214 con·-

84 1238 237 1294 veuerant,
259 1232 365 1282 auxilia
378 1230 578 1298 discesserunt:
600 1249 690 1299 neque
709 1239 770 1298 post
786 1233 813 1282 id
826 1239 893 1282 tem·

83 1314 139 1422 qus
154 1315 285 1368 umquem
305 1301 419 1352 summls
431 1301 572 1352 nobiscum
579 1303 662 1368 copiis
674 1300 769 1352 hostes
781 1309 892 1352 conten·

107 1375 199 1422 erurrt.
885 1413 887 1423 .

122 1437 224 1492 XVlll.
251 1441 366 1502 caesar,
392 1439 505 1506 cognito
526 1440 644 1490 oonsilio
661 1454 771 1499 eorum,
798 1437 832 1488 ad
844 1435 893 1488 llu-

85 1509 292 1561 men'l'arnesin
304 1509 333 1559 in
345 1512 414 1560 lines
422 1509 621 1559 Cassivellauni
633 1511 788 1560 exereitum
800 1508 892 1568 dorin

86 1577 164 1646 qood
175 1577 277 1629 llumen
290 1593 346 1628 uno
357 1581 469 1629 omnino
482 1578 544 1628 loco
555 1578 681 1643 pedibus,
699 1583 783 1644 atque
795 1573 893 1628 hocae-

86 1663 152 1716 gre,
178 1650 290 1699 transiri
307 1654 408 1715 potest.
453 1650 494 1700 llo
511 1663 594 1714 quum
613 1649 745 1708 venisset,
771 1647 891 1696 ultimum

87 1717 223 1776 advertit,
240 1717 277 1772 ,ad
290 1720 405 1770 alteram
417 1717 540 1770 fluminis
551 1717 639 1782 ripam
651 1731 764 1784 niagnas
777 1730 838 1766 esse
851 1729 891 1765 eo·

86 1788 149 1853 pies
161 1785 281 1840 hostium
293 1789 454 1838 instructas:
473 1790 532 1853 ripa
543 1793 636 1838 autem
650 1793 710 1838 erat
722 1787 809 1837 ocutis
820 1785 892 1836 smli-

86 1857 141 1908 bus
156 1857 286 1924 praefixis
302 1860 422 1919 munita3
444 1857 625 1923 eiusdemque
635 1857 746 1924 generis
758 1858 808 1906 sub
821 1871 892 1923 equa

87 1925 197 1976 delixae
208 1927 290 1977 sudes
301 1925 414 1978 llumine
428 1926 602 1994 tegebantur.
638 1927 689 1976 llis
707 1927 789 1977 rebus
800 1925 891 1992 cogni·

88 1995 127 2058 tis
143 2010 160 2044 a
175 1997 288 2061 captiuis
301 1995 495 2063 perfugisque,
519 1997 633 2057 Caesar,
656 1998 807 2062 praemisso
818 1997 891 2062 equi·

88 2069 166 2127 teto,
182 2065 330 2116 confestim
342 2065 469 2133 legiones
481 2066 610 2133 subsequi
621 2066 709 2116 iussit.
739 2064 792 2116 Sed
806 2079 840 2115 ea
851 2080 891 2115 ce·

87 2133 202 2186 leritate
214 2138 299 2202 atque
311 2149 344 2186 eo
355 2137 460 2202 impetu
471 2135 574 2186 milites
585 2136 692 2195 ierunt,
708 2150 791 2200 quum
803 2133 891 2200 capite

88 2205 151 2254 solo
162 2219 197 2255 ex
208 2219 281 2272 aqua
292 2210 435 2264 extarent,
457 2211 488 2255 ut
499 2211 593 2255 nostes
604 2206 738 2270 impetum
751 2204 890 2270 legionum

87 2279 173 2340 atque
185 2275 310 2340 equitum
320 2275 460 2324 sustinere
472 2289 527 2324 non
541 2280 655 2340 possent
663 2275 791 2340 ripasque
804 2271 890 2320 dimit-

87 2348 185 2394 terent
196 2357 230 2394 ae
239 2359 269 2395 se
280 2342 364 2412 fugae
375 2343 549 2396 mandarent.

122 2411 197 2464 XlX.
224 2413 460 2474 Cassivellaunus,
485 2419 516 2462 ut
535 2427 619 2478 supra
634 2409 891 2470 denienstrsvinms,

89 2483 165 2533 omni
183 2476 310 2549 deposita
325 2498 374 2549 spe
389 2483 592 2543 contentionis,
617 2481 736 2531 dimissis
754 2479 890 2544 arrrpliuri·

88 2551 141 2601 hus
153 2553 253 2618 copiis,
269 2553 379 2604 milibus
390 2554 502 2604 circiter
513 2556 631 2618 quatuor
643 2549 845 2602 essedariorum
853 2562 890 2598 re·

88 2619 177 2682 lictis,
197 2623 300 2674 itinero
312 2628 409 2674 nostru
419 2622 562 2682 servabat,
582 2619 790 2687 paullulumqne
802 2633 837 2670 ex
848 2617 890 2666 ria

91 2691 260 2758 excedebat,
284 2692 409 2762 locisque
429 2691 571 2758 impeditis
588 2706 622 2743 ae
635 2690 816 2809 Equestribus
831 2701 889 2737 sess

646 2784 661 2808 τ
