2168 3134
188 197 247 260 ,Ἣ
380 196 436 250 DE
457 195 598 250 buono
616 195 802 252 olomeo

184 299 279 356 ‚stium
290 299 409 354 confert.
444 301 524 354 llaec
534 303 654 368 imporat
663 301 744 354 sallo
753 303 853 368 pedum
867 301 917 355 llll
933 319 995 358 mtr-
1069 304 1072 370 l

193 373 258 435 piri,
270 374 434 440 coronisque
445 371 595 422 loriculam
608 385 658 438 pro
675 373 855 445 rationeeios
866 373 992 426 altitudi-

191 443 235 492 nis
256 441 444 505 inaedificari3
472 441 575 492 fossam
598 439 732 506 duplicem
755 443 854 508 pedum
875 443 990 510 quinum

187 510 294 564 ¹(lienum
305 511 440 562 lateribus
452 510 565 562 directis
577 509 708 576 deprimi3
728 513 812 562 turris
823 513 934 564 crebras
945 527 992 565 ex·
1071 517 1072 576 l

191 581 277 630 citari.
292 583 322 632 in
343 580 517 632 altitudinem
533 581 617 632 trium
633 581 837 644 tabulatorum,
860 583 991 650 pontibus
1071 585 1072 616 ³

191 651 351 704 transiectio
367 652 570 718 constratisque
585 650 729 718 coniungi,
751 664 867 717 quorum
883 651 991 704 frontes

192 719 310 770 viraines
331 719 449 771 loricula
470 723 659 783 munirentur,
690 726 721 770 ut
742 717 829 770 hostis
849 736 867 772 a
887 721 990 788 duplici

192 786 272 839 fossa
284 788 387 854 duplici
409 795 646 854 propugnatorum
663 788 989 842 ordine-defenderetur

191 871 309 924 quonum
320 857 394 908 alter
405 858 594 923 exponebas,
615 872 670 926 quo
687 859 775 909 tutior
789 857 936 926 altitudine
948 875 990 911 es·

191 924 306 988 set,.hoc
318 927 448 976 andedos
459 927 625 994 longiusque
636 928 692 980 tela
702 930 891 993 pernecesse
910 927 992 992 altre-2,

177 998 239 1062 ‘qui
261 997 373 1061 propior
393 993 500 1046 bostem
516 997 543 1046 in
560 997 621 1065 ipso
641 997 714 1048 vallo
737 996 887 1050 collocatus
909 1005 993 1060 osset,

191 1071 275 1132 ponte
291 1065 325 1114 ab
341 1064 526 1116 incidentibus
542 1065 605 1116 telis
621 1070 780 1134 tegeretur·
808 1066 900 1134 Portis
915 1065 992 1120 tores

190 1133 360 1201 altioresque
371 1140 463 1186 turres
475 1136 614 1201 imposuit.

226 1203 260 1256 Χ.
277 1201 369 1254 Huius
381 1205 543 1255 munitionis
554 1205 656 1269 duplex
668 1209 729 1256 erat
740 1205 900 1256 consilium·
908 1205 991 1258 Nam·

186 1273 990 1413 :libellulillblbltioillllilslltltt

191 1409 281 1464 lutum
302 1411 558 1480 frumentatumque
579 1412 691 1481 longius
717 1419 793 1464 esset
816 1413 991 1480 proficiscen·

190 1478 268 1545 dum,
289 1485 382 1550 parvis
404 1483 490 1550 copiis
511 1487 603 1534 casua
624 1483 779 1534 munitione
800 1486 860 1550 ipsa
882 1484 992 1535 videbat

187 1565 273 1617 posse
284 1551 404 1604 defendi.
440 1553 554 1603 lnterim
566 1553 768 1619 crebropaucis
780 1556 919 1620 utrimque
929 1568 992 1620 pro·

191 1621 376 1682 currentibus,
388 1622 539 1672 interbino
550 1627 644 1672 costra
652 1621 751 1686 palude
762 1623 917 1684 interiecta,
928 1636 991 1674 oon·

189 1689 371 1742 tendebatur:
384 1704 466 1756 quam
478 1697 574 1741 tameo
584 1689 713 1756 paludem
724 1705 930 1757 nonnumquam
942 1698 993 1744 aut

190 1763 289 1810 nostro
309 1757 414 1808 auxilia
436 1757 582 1808 Gallorum
605 1758 863 1827 Germanorumque
889 1762 991 1810 transi·

189 1827 266 1889 bant,
282 1827 429 1892 aeriusque
446 1825 540 1878 lrostes
555 1827 784 1893 insequebantur;
806 1832 856 1878 aut
869 1828 990 1880 vicissim

187 1885 293 1960 bootes,
309 1893 435 1946 eumdem
445 1896 621 1962 transgressi,
639 1903 749 1946 nostros
760 1896 872 1963 longius
882 1898 991 1950 submo-

189 1965 300 2017 vebant.
335 1963 483 2016 Accidebat
503 1970 597 2016 autem
617 1965 784 2032 quotidianis
807 1965 992 2032 pabulationi-

187 2035 250 2097 bus,
261 2035 290 2086 ld
301 2031 375 2102 quod
386 2031 515 2085 occidere
524 2039 586 2086 erat
597 2049 720 2098 necesse,
732 2050 815 2102 quum
826 2037 898 2088 raris
909 2037 990 2089 (lisle-
1071 2033 1072 2076 Τ

189 2105 295 2172 ctisque
311 2118 346 2155 ex
361 2101 494 2154 aedificiis
509 2103 641 2170 pabulum
656 2106 883 2172 conquireretum
898 2111 930 2158 ut
939 2107 989 2162 imi
1071 2169 1072 2172 Ἴ

188 2175 291 2244 peditis
307 2173 376 2225 locis
386 2172 507 2240 dispersi
520 2173 697 2241 pabulatores
709 2175 989 2228 circumvenirentur:

190 2259 261 2313 quae
273 2258 317 2296 res
328 2243 382 2295 etsi
393 2243 532 2295 mediocre
548 2242 744 2296 detrimentum
759 2245 947 2296 iumentorum
958 2259 990 2298 ao

188 2328 333 2365 servorum
345 2315 449 2364 nostris
461 2311 615 2376 adferebat,
626 2319 719 2366 tamen
731 2313 832 2364 stultas
844 2316 989 2383 cogitatio·

189 2398 239 2433 nes
260 2382 395 2433 incitabat
415 2383 610 2448 barbarorum
638 2389 720 2450 atquo
741 2398 774 2434 eo
795 2385 897 2452 magis,
915 2383 989 2452 quod

190 2451 342 2512 Commius,
359 2467 440 2518 quem
455 2451 609 2517 profectum
626 2451 778 2504 adauxilia
788 2453 988 2506 Germarrorum

189 2517 359 2570 arcessenda
370 2520 460 2583 docui,
472 2536 533 2572 oum
543 2521 681 2588 equitibus
691 2525 817 2573 venerat:
836 2524 883 2591 qui
893 2529 986 2574 tamen

190 2587 245 2636 etsi
267 2602 384 2640 numero
406 2604 462 2640 non
484 2591 695 2657 ampliuserant
711 2593 872 2658 quingenti,
893 2598 986 2644 tumen

190 2650 392 2706 Germanorum
404 2657 524 2710 adventu
536 2659 646 2710 barbari
659 2655 833 2711 inllaba'ntur.
852 2707 860 2729 ,

241 2721 289 2774 Xl.
308 2723 419 2792 caesor,
441 2741 526 2796 quum
547 2728 669 2782 euimum
686 2729 859 2798 adverteret,
877 2727 985 2810 *bosun

156 2829 192 2840 Δ
