2152 3132
358 169 510 235 LlBER
545 185 615 239 vii.
840 184 889 240 155

80 289 140 350 tirr,
164 291 197 338 ut
217 285 332 339 incertis
353 287 527 354 temporibus
545 287 719 358 diversisque
739 289 889 343 itineribus

77 359 176 410 iretur.

130 426 218 479 xvii.
235 425 341 478 Castris
353 425 388 476 ad
400 441 461 477 eam
473 434 580 495 partem
593 428 690 496 oppidi
701 427 808 494 positis,
820 430 886 481 Cae·

77 511 137 560 sar,
160 511 230 563 quan
248 495 407 547 intermissa
418 511 435 546 a
450 495 565 548 flumine
582 504 611 553 et
621 513 641 563 a·
650 497 752 565 palude
769 498 887 562 aditum,

77 573 108 617 rit
120 580 206 632 supra
217 565 354 627 diximus,
364 633 366 636 Ι
376 573 523 632 angustum
536 565 670 628 habebat,
692 581 825 634 aggerem
838 569 885 619 ad-

76 651 187 702 parare,
197 635 293 685 uineas
304 649 400 702 agere,
412 641 506 688 turres
518 636 587 687 duas
596 638 769 688 constituero
779 639 884 703 coepit:

77 723 141 756 nam
159 705 371 756 circumuallare
388 705 443 756 loci
459 712 562 758 natura
582 705 756 772 prohibebat.
792 706 836 759 Do
852 723 884 760 re

76 772 360 826 irunrrntariaBoios
377 783 461 842 atque
477 775 588 828 Aeduos
599 774 746 828 adhortari
763 789 819 827 non
836 778 883 830 de·

76 845 166 899 stitit:
186 844 420 912 quorumalteri,
442 845 514 912 quod
538 846 613 896 nullo
635 846 730 898 studio
752 846 884 914 agebant,

76 931 134 966 non
145 911 261 965 multum
275 913 457 980 adiuvabant3
480 915 565 967 alteri
577 931 632 967 non
645 916 755 984 magnis
767 917 882 970 i‘aculm·

75 986 161 1046 tibus,
175 985 251 1052 quod
263 984 361 1036 ciuitas
374 989 435 1034 erat
446 986 548 1054 exigua
560 984 725 1049 etiulirma,
741 987 883 1051 celeriter,

76 1053 151 1124 quod
162 1053 331 1117 babuerunt,
343 1061 567 1107 corisumserunt.
590 1054 704 1106 Summa
715 1056 881 1108 diiiioultatu

74 1125 117 1176 rei
134 1121 337 1174 frumentariae
354 1122 464 1174 adiecto
483 1125 624 1186 exercitu,
645 1127 785 1176 tenuitate
797 1126 881 1177 Boia·

73 1193 338 1261 runniudiligentia
348 1193 518 1258 Aeduorum,
526 1195 666 1246 incendiis
678 1194 879 1260 aedificiorum,

73 1267 164 1329 usquo
177 1277 224 1325 eo,
246 1270 276 1314 ut
287 1263 445 1329 nonuplurcs
457 1263 518 1314 dies
530 1263 635 1314 milites
647 1263 790 1314 frumento
802 1279 880 1316 caru·

75 1333 152 1386 erint
164 1338 201 1395 et,
219 1347 350 1398 procrea
364 1333 607 1400 longinquioribus
618 1333 687 1383 ricis
700 1332 812 1394 adacto,
832 1347 880 1384 ex·
952 1379 954 1387 ,

73 1401 312 1453 tremamfameur
327 1407 536 1464 sustentarent,
558 1401 637 1452 nulla
654 1408 750 1452 tannen
766 1416 819 1454 rox
835 1410 880 1454 est

73 1473 108 1524 ab
120 1472 157 1523 iis
169 1471 273 1534 audita,
287 1471 384 1540 populi
397 1471 515 1523 Ronrarri
526 1471 675 1522 maiestate
687 1471 879 1536 etsuperiori·

72 1544 127 1594 bus
142 1540 410 1608 uictoriisindigna.
447 1541 521 1604 Qui-n
536 1541 622 1591 etiam
636 1540 739 1590 Caesar
754 1554 836 1606 quum
849 1541 878 1592 in

73 1626 160 1678 opere
183 1611 311 1678 singulas
334 1609 461 1676 legiones
478 1610 633 1676 adpellaret
648 1614 692 1672 et,
714 1610 739 1660 si
751 1610 878 1661 acerbius

71 1682 197 1750 inopiam
209 1680 332 1742 ferrent,
348 1695 378 1730 se
397 1680 577 1732 dimissurum
589 1679 824 1748 oppugnationem
838 1680 878 1731 (li-

72 1757 166 1813 aeret3
187 1750 312 1801 universi
323 1750 357 1801 ab
369 1764 412 1812 eo,
424 1766 456 1802 ne
466 1749 497 1799 iu
505 1750 621 1822 faceret,
633 1751 780 1816 petebant:
801 1749 841 1802 εἰσ
851 1766 879 1802 se

71 1819 218 1888 compluris
233 1834 317 1871 annos
337 1817 385 1870 ilio
406 1818 555 1887 imperante
570 1817 711 1883 meruisse,
731 1829 763 1870 ut
777 1821 877 1872 nullam

70 1887 249 1958 ignominiam
265 1887 432 1956 acciperent,
453 1905 594 1957 numquam
605 1889 710 1961 insecta
721 1905 751 1940 re
763 1890 876 1941 discede-

70 1968 148 2026 rent:
166 1958 218 2010 Jioc
229 1975 255 2008 sa
266 1957 432 2028 ignominiae
443 1961 548 2009 laturos
560 1961 630 2022 loco,
652 1958 676 2010 si
685 1959 820 2027 'inceptam
832 1976 875 2029 op·

67 2028 267 2099 paginationem
278 2026 461 2096 reliquissent:
478 2036 634 2096 proestare,
650 2045 738 2082 muner
751 2030 878 2099 perferre

71 2097 248 2160 acerbitates,
269 2114 349 2165 quarn
364 2114 416 2150 non
432 2097 534 2149 ciuibus
545 2097 689 2161 Romanis,
711 2099 758 2166 qui
772 2098 878 2150 Genabn'

66 2167 188 2238 perfidia
213 2169 354 2220 Gallorum
375 2167 544 2231 interissent,
571 2176 761 2235 parentarent.
798 2169 878 2220 liaeo

71 2239 171 2290 eadem
194 2237 406 2299 centurionibus
428 2237 605 2305 tribunisque
621 2238 742 2288 militum
763 2237 876 2289 munda·

70 2303 149 2370 liant,
162 2313 193 2358 ut
203 2319 254 2375 per
265 2321 314 2357 eos
325 2307 360 2356 ad
372 2307 519 2358 Gaesarem
532 2306 721 2357 deferrentur.

119 2377 223 2430 xviii.
235 2377 324 2439 Quum
336 2379 390 2426 ianr
401 2391 481 2427 muro
492 2381 584 2427 turres
596 2375 876 2442 adpropinquassent,

70 2455 106 2497 ex
122 2448 240 2516 captiuis
257 2449 363 2498 Caesar·
375 2446 514 2514 cognorit,
534 2445 796 2512 Vercingetorigem
813 2461 876 2497 oon·

69 2519 163 2567 surrrto
179 2516 280 2582 pabulo
295 2522 388 2567 castra
402 2515 520 2565 mouisse
534 2515 648 2580 propius
658 2516 815 2577 Avaricum,
836 2522 875 2565 at-

69 2589 124 2654 q'ue
135 2586 226 2653 ipsum
238 2601 298 2636 curu
310 2587 436 2653 equitatu
448 2584 649 2651 expeditisque,
658 2584 706 2652 qui
718 2585 876 2653 interequi-

69 2659 116 2707 tcs
128 2656 260 2723 proeliari
273 2661 466 2716 consuessent,
487 2653 759 2705 insidiarumouussa
770 2669 803 2706 eo
814 2669 877 2723 pro·

70 2725 189 2789 fectum,
206 2739 260 2794 quo
273 2728 383 2777 nostros
393 2730 505 2790 postero
516 2723 561 2774 die
570 2723 875 2790 pabulatumrenturoa
