2152 3132
153 143 231 212 ¹122
347 141 420 196 ,uu
438 143 579 198 saeuo
600 143 784 200 sanares

177 244 279 302 osxots'.
313 245 357 300 «14.
379 245 508 313 Quaestio
520 244 747 302 decessurumue
760 242 892 302 Senonum
902 239 978 306 insti·
992 263 993 268 ’
1053 255 1054 310 l

177 323 247 443 m
247 353 263 439 a
264 315 390 440 napiccom's
401 317 562 388 supplicium
567 335 579 381 ;
597 317 710 372 biberas
723 317 866 382 Caesars'u
885 319 976 373 iteris
1053 367 1054 386 ἶ

199 589 204 665 ᾗ
219 595 240 647 l.
261 560 379 646 Multis
390 593 424 646 de
435 595 542 647 caussis
550 595 655 660 Caesar
663 595 797 647 maiorem
806 591 915 646 Galliae
925 607 981 644 mo·

177 671 237 734 tum
250 669 425 736 exspectans,
436 680 486 732 per
497 667 537 716 M.
549 663 683 728 Silanum,
699 665 728 716 C.
738 665 889 716 Antistium
898 663 980 730 Regi·

177 733 253 801 num,
265 737 442 796 'l¹.Sextiunr,
454 735 575 804 legatos,
586 735 719 787 dilectum
729 733 834 787 habere
844 735 979 804 instituit:

177 805 262 859 simul
282 808 318 859 ab
339 805 388 855 Cn.
409 804 538 872 Pompeio
561 805 728 872 proconsule
749 806 828 872 petit,
849 804 980 871 quoniam

176 873 238 941 ipso
247 877 282 929 ad
290 877 389 928 urbem
400 889 463 925 cunr
472 875 591 943 imperio
602 874 773 942 reipublicae
784 889 884 926 caussa
893 887 980 924 rema-

176 951 267 1008 neret,
283 961 352 1014 quos
365 957 400 995 ex
411 942 553 1010 Cisalpina
565 943 658 995 Gadis
670 946 792 996 consulis
805 949 979 995 sacramento

176 1019 345 1082 rogavisset,
361 1013 396 1064 ad
408 1014 489 1080 signa
500 1014 648 1065 convenire
660 1013 736 1066 etad
748 1031 779 1067 se
790 1014 928 1080 proticisci
940 1014 979 1064 iu-

177 1085 270 1136 beret:
286 1083 380 1152 magni
392 1085 530 1134 interesse
542 1085 627 1136 etiam
637 1085 667 1134 in
676 1084 812 1152 reliquum
823 1089 934 1149 tempus
944 1083 980 1134 ad

176 1155 337 1222 opinionem
348 1153 458 1204 Galliae
470 1153 634 1204 existimans
642 1190 651 1216 ,
672 1158 766 1204 tantas
782 1155 871 1205 videri
881 1153 979 1205 ltaliae

176 1224 337 1287 facultates,
352 1228 393 1286 ut,
410 1222 510 1290 siquid
522 1229 598 1275 esset
608 1223 637 1272 in
647 1223 721 1275 bello
733 1224 894 1276 detrimenti
905 1237 980 1276 acco·

175 1301 263 1364 ptum,
274 1309 330 1346 non
341 1292 423 1345 modo
435 1292 464 1343 id
474 1292 553 1344 brevi
564 1299 690 1362 tempore
701 1295 814 1357 sarciri,
834 1293 884 1345 sed
895 1296 980 1346 etiam

176 1365 329 1416 maioribus
341 1363 475 1430 adaugeri
486 1363 574 1429 copiis
584 1368 687 1429 posset.
715 1363 796 1426 Quod
807 1379 889 1432 quum
900 1363 981 1416 Pom·

177 1436 256 1502 peius
268 1440 296 1486 et
306 1433 478 1500 reipublicae
489 1437 518 1483 et
529 1434 669 1484 amicitiae
679 1435 836 1496 tribuisset,
849 1435 981 1486 celeriter

177 1504 306 1557 confecto
322 1517 374 1570 per
385 1515 450 1554 suos
462 1502 581 1564 dilectu,
600 1504 693 1554 tribus
708 1511 774 1556 ante
786 1509 914 1556 exactam
923 1502 982 1555 hie·

178 1583 249 1625 mem
262 1579 291 1626 et
303 1573 463 1624 constitutis
476 1578 505 1623 et
521 1571 650 1624 adductis
664 1569 839 1646 legionibus,
858 1573 980 1641 duplica·

177 1651 261 1710 toque
273 1657 368 1694 earum
385 1640 541 1693 cohortium
551 1657 683 1705 numero,
703 1659 770 1711 quas
783 1643 845 1694 edm
856 1642 888 1704 Q:
901 1643 989 1693 Titus

177 1714 218 1763 rio
231 1713 371 1774 amiserat,
393 1717 423 1762 et
434 1711 577 1762 celeritate
589 1717 619 1764 et
628 1712 714 1780 copiis
726 1713 837 1775 docuit,
855 1712 922 1781 quid
933 1726 982 1778 po·

175 1782 233 1847 puli
246 1781 362 1832 Romani
378 1780 526 1846 disciplina
538 1787 621 1848 atque
633 1795 700 1850 opes
715 1789 839 1851 possent.

227 1850 261 1902 ll.
282 1848 437 1902 lnterfecto
448 1848 649 1914 Indutiomaro,
663 1858 695 1902 ut
706 1853 859 1914 docuimus,
870 1849 906 1902 ad
918 1853 990 1904 eius·

174 1921 346 1988 propinquos
358 1933 374 1968 a
384 1921 509 1972 Treviris
525 1921 671 1988 imperium
688 1920 822 1973 defertur.
857 1921 902 1972 llli
917 1920 982 1972 fini-

174 1991 259 2040 timos
280 1987 437 2040 Germanos
458 1991 611 2041 sollicitare
634 1995 663 2042 et
683 1992 827 2057 pecuniam
848 1990 981 2058 polliceri

174 2073 230 2111 non
241 2059 394 2111 desistunt:
406 2075 490 2126 quum
502 2060 535 2110 ab
547 2061 678 2126 proximis
689 2061 839 2130 impetrare
851 2075 907 2113 non
918 2076 983 2128 pos-

174 2135 254 2193 sent,
274 2129 425 2181 ulteriores
437 2134 573 2180 tentant.¹
592 2129 715 2182 lnrentls
727 2131 871 2183 nonnullis
887 2133 984 2184 civita·

175 2200 261 2263 tibus,
282 2199 462 2250 iureiurando
474 2201 550 2250 inter
559 2214 590 2251 se
601 2199 769 2252 confirmant
779 2202 983 2270 obsidibusque

175 2269 211 2320 de
222 2271 340 2335 pecunia
350 2275 461 2320 cavent:
473 2269 662 2338 Ambiorigem
673 2272 726 2323 sibi
736 2273 870 2325 societate
882 2278 912 2324 et
922 2271 984 2324 foe·

175 2339 244 2390 dere
264 2339 427 2405 adiungunt.
473 2339 580 2401 Quibus
601 2341 684 2392 rebus
706 2341 840 2408 cognitis,
866 2342 983 2406 Caesar,

175 2421 261 2474 quum
290 2407 411 2476 undique
441 2407 547 2460 bellum
573 2412 666 2477 parari
690 2411 812 2475 rideret,
849 2410 983 2474 Nervios,

174 2475 344 2538 Aduatucos,
365 2478 520 2545 Menapios,
542 2479 680 2532 adiunctis
698 2479 872 2532 cisrbenanis
892 2482 986 2533 omni«

175 2544 227 2594 bus
239 2543 396 2608 Germanis,
409 2561 471 2599 esse
482 2550 511 2597 in
522 2549 617 2612 armis,
628 2547 753 2601 Senones
765 2550 800 2601 ad
811 2552 981 2617 imperatum

175 2625 231 2662 non
247 2613 343 2665 venire
361 2619 463 2667 etcum
479 2617 646 2669 Carnutibus
662 2618 844 2686 finitimisque
860 2621 980 2669 civitati<

174 2677 227 2731 bus
239 2683 356 2734 consilia
367 2687 581 2750 communicare,
592 2700 609 2738 a
619 2687 743 2742 Treviris
753 2688 908 2741 Germanos
919 2703 982 2742 cre·
