<?xml version="1.0" encoding="UTF-8"?>
<!DOCTYPE html PUBLIC "-//W3C//DTD XHTML 1.0 Transitional//EN"
    "http://www.w3.org/TR/xhtml1/DTD/xhtml1-transitional.dtd">
<html xmlns="http://www.w3.org/1999/xhtml" xml:lang="en" lang="en">
 <head>
  <title>
</title>
<meta http-equiv="Content-Type" content="text/html;charset=utf-8" />
  <meta name='ocr-system' content='tesseract 3.04.00' />
  <meta name='ocr-capabilities' content='ocr_page ocr_carea ocr_par ocr_line ocrx_word'/>
</head>
<body>
  <div class='ocr_page' id='page_1' title='image "./cjuliicaesarisc05caesgoog_0511.png"; bbox 0 0 2124 3154; ppageno 0'>
   <div class='ocr_carea' id='block_1_1' title="bbox 160 223 868 292">
    <p class='ocr_par' dir='ltr' id='par_1_1' title="bbox 160 223 868 292">
     <span class='ocr_line' id='line_1_1' title="bbox 160 223 868 292; baseline 0.011 -24"><span class='ocrx_word' id='word_1_1' title='bbox 160 252 163 268; x_wconf 89' lang='lat'><strong>.</strong></span> <span class='ocrx_word' id='word_1_2' title='bbox 254 223 630 292; x_wconf 31' lang='lat' dir='ltr'><strong>,nrsrnnrensn</strong></span> <span class='ocrx_word' id='word_1_3' title='bbox 816 223 868 276; x_wconf 80' lang='lat' dir='ltr'><strong>sor</strong></span> 
     </span>
    </p>
   </div>
   <div class='ocr_carea' id='block_1_2' title="bbox 12 326 934 2769">
    <p class='ocr_par' dir='ltr' id='par_1_2' title="bbox 66 326 881 1578">
     <span class='ocr_line' id='line_1_2' title="bbox 69 326 869 395; baseline -0.003 -15"><span class='ocrx_word' id='word_1_4' title='bbox 69 327 142 392; x_wconf 87' lang='lat' dir='ltr'><strong>duis,</strong></span> <span class='ocrx_word' id='word_1_5' title='bbox 162 326 312 395; x_wconf 77' lang='lat' dir='ltr'><strong>hostesque</strong></span> <span class='ocrx_word' id='word_1_6' title='bbox 327 328 431 378; x_wconf 88' lang='lat' dir='ltr'><strong>circum</strong></span> <span class='ocrx_word' id='word_1_7' title='bbox 446 342 508 380; x_wconf 89' lang='lat' dir='ltr'><strong>sese</strong></span> <span class='ocrx_word' id='word_1_8' title='bbox 523 328 677 390; x_wconf 86' lang='lat' dir='ltr'><strong>interclusi,</strong></span> <span class='ocrx_word' id='word_1_9' title='bbox 697 328 771 378; x_wconf 89' lang='lat' dir='ltr'><strong>inter</strong></span> <span class='ocrx_word' id='word_1_10' title='bbox 781 341 812 378; x_wconf 84' lang='lat' dir='ltr'><strong>se</strong></span> <span class='ocrx_word' id='word_1_11' title='bbox 823 327 869 378; x_wconf 87' lang='lat' dir='ltr'><strong>de·</strong></span> 
     </span>
     <span class='ocr_line' id='line_1_3' title="bbox 69 397 870 465; baseline -0.004 -14"><span class='ocrx_word' id='word_1_12' title='bbox 69 413 197 459; x_wconf 88' lang='lat' dir='ltr'><strong>cernere,</strong></span> <span class='ocrx_word' id='word_1_13' title='bbox 218 397 293 450; x_wconf 80' lang='lat' dir='ltr'><strong>iacta</strong></span> <span class='ocrx_word' id='word_1_14' title='bbox 304 397 389 449; x_wconf 86' lang='lat' dir='ltr'><strong>caede</strong></span> <span class='ocrx_word' id='word_1_15' title='bbox 404 398 477 448; x_wconf 87' lang='lat' dir='ltr'><strong>bene</strong></span> <span class='ocrx_word' id='word_1_16' title='bbox 487 413 603 465; x_wconf 80' lang='lat' dir='ltr'><strong>magna,</strong></span> <span class='ocrx_word' id='word_1_17' title='bbox 620 398 820 464; x_wconf 80' lang='lat' dir='ltr'><strong>*eruptionem</strong></span> <span class='ocrx_word' id='word_1_18' title='bbox 831 397 870 448; x_wconf 83' lang='lat' dir='ltr'><strong>fa·</strong></span> 
     </span>
     <span class='ocr_line' id='line_1_4' title="bbox 67 467 869 534; baseline -0.004 -15"><span class='ocrx_word' id='word_1_19' title='bbox 67 469 150 520; x_wconf 88' lang='lat' dir='ltr'><strong>ciunt.</strong></span> <span class='ocrx_word' id='word_1_20' title='bbox 166 467 262 518; x_wconf 79' lang='lat' dir='ltr'><strong>Nostri</strong></span> <span class='ocrx_word' id='word_1_21' title='bbox 273 467 309 518; x_wconf 89' lang='lat' dir='ltr'><strong>ad</strong></span> <span class='ocrx_word' id='word_1_22' title='bbox 320 467 450 534; x_wconf 91' lang='lat' dir='ltr'><strong>oppidum</strong></span> <span class='ocrx_word' id='word_1_23' title='bbox 464 467 684 534; x_wconf 85' lang='lat' dir='ltr'><strong>recuperandum</strong></span> <span class='ocrx_word' id='word_1_24' title='bbox 696 468 869 518; x_wconf 81' lang='lat' dir='ltr'>occasionem</span> 
     </span>
     <span class='ocr_line' id='line_1_5' title="bbox 66 527 869 604; baseline 0 -16"><span class='ocrx_word' id='word_1_25' title='bbox 66 555 121 589; x_wconf 89' lang='lat' dir='ltr'><strong>nun</strong></span> <span class='ocrx_word' id='word_1_26' title='bbox 139 539 363 604; x_wconf 83' lang='lat' dir='ltr'><strong>praetermittunt</strong></span> <span class='ocrx_word' id='word_1_27' title='bbox 379 543 408 588; x_wconf 90' lang='lat' dir='ltr'><strong>et</strong></span> <span class='ocrx_word' id='word_1_28' title='bbox 424 537 547 604; x_wconf 89' lang='lat' dir='ltr'><strong>reliquos</strong></span> <span class='ocrx_word' id='word_1_29' title='bbox 566 539 643 588; x_wconf 81' lang='lat' dir='ltr'><strong>vivos</strong></span> <span class='ocrx_word' id='word_1_30' title='bbox 662 538 784 604; x_wconf 89' lang='lat' dir='ltr'><strong>capiunt,</strong></span> <span class='ocrx_word' id='word_1_31' title='bbox 803 527 869 588; x_wconf 82' lang='lat' dir='ltr'><strong>xlv</strong></span> 
     </span>
     <span class='ocr_line' id='line_1_6' title="bbox 67 605 870 674; baseline -0.004 -16"><span class='ocrx_word' id='word_1_32' title='bbox 67 607 155 668; x_wconf 86' lang='lat' dir='ltr'><strong>milia,</strong></span> <span class='ocrx_word' id='word_1_33' title='bbox 177 622 209 658; x_wconf 89' lang='lat' dir='ltr'><strong>ac</strong></span> <span class='ocrx_word' id='word_1_34' title='bbox 219 607 320 658; x_wconf 90' lang='lat' dir='ltr'><strong>deinde</strong></span> <span class='ocrx_word' id='word_1_35' title='bbox 331 607 485 658; x_wconf 79' lang='lat' dir='ltr'><strong>Ursaonem</strong></span> <span class='ocrx_word' id='word_1_36' title='bbox 496 609 720 673; x_wconf 82' lang='lat' dir='ltr'><strong>proficiscuntur:</strong></span> <span class='ocrx_word' id='word_1_37' title='bbox 739 605 812 674; x_wconf 89' lang='lat' dir='ltr'><strong>quod</strong></span> <span class='ocrx_word' id='word_1_38' title='bbox 823 620 870 672; x_wconf 90' lang='lat' dir='ltr'><strong>np-</strong></span> 
     </span>
     <span class='ocr_line' id='line_1_7' title="bbox 67 675 870 744; baseline -0.001 -18"><span class='ocrx_word' id='word_1_39' title='bbox 67 676 162 742; x_wconf 91' lang='lat' dir='ltr'><strong>pidum</strong></span> <span class='ocrx_word' id='word_1_40' title='bbox 173 677 662 744; x_wconf 81' lang='lat' dir='ltr'><strong>magnamunitionceontinebatur,</strong></span> <span class='ocrx_word' id='word_1_41' title='bbox 682 677 736 738; x_wconf 90' lang='lat' dir='ltr'><strong>sic,</strong></span> <span class='ocrx_word' id='word_1_42' title='bbox 757 683 789 726; x_wconf 92' lang='lat' dir='ltr'><strong>ut</strong></span> <span class='ocrx_word' id='word_1_43' title='bbox 807 675 870 742; x_wconf 90' lang='lat' dir='ltr'><strong>ipsc</strong></span> 
     </span>
     <span class='ocr_line' id='line_1_8' title="bbox 66 745 870 813; baseline -0.001 -17"><span class='ocrx_word' id='word_1_44' title='bbox 66 746 144 796; x_wconf 91' lang='lat' dir='ltr'><strong>locus</strong></span> <span class='ocrx_word' id='word_1_45' title='bbox 155 761 209 796; x_wconf 91' lang='lat' dir='ltr'><strong>nun</strong></span> <span class='ocrx_word' id='word_1_46' title='bbox 221 747 309 797; x_wconf 87' lang='lat' dir='ltr'><strong>solum</strong></span> <span class='ocrx_word' id='word_1_47' title='bbox 321 760 421 813; x_wconf 88' lang='lat' dir='ltr'><strong>opere,</strong></span> <span class='ocrx_word' id='word_1_48' title='bbox 442 745 491 797; x_wconf 82' lang='lat' dir='ltr'><strong>sed</strong></span> <span class='ocrx_word' id='word_1_49' title='bbox 503 750 587 798; x_wconf 85' lang='lat' dir='ltr'><strong>etiam</strong></span> <span class='ocrx_word' id='word_1_50' title='bbox 598 753 699 798; x_wconf 83' lang='lat' dir='ltr'><strong>natura</strong></span> <span class='ocrx_word' id='word_1_51' title='bbox 710 746 814 808; x_wconf 90' lang='lat' dir='ltr'><strong>editus,</strong></span> <span class='ocrx_word' id='word_1_52' title='bbox 834 745 870 795; x_wconf 88' lang='lat' dir='ltr'><strong>ab</strong></span> 
     </span>
     <span class='ocr_line' id='line_1_9' title="bbox 67 814 871 882; baseline -0.002 -16"><span class='ocrx_word' id='word_1_53' title='bbox 67 816 249 882; x_wconf 82' lang='lat' dir='ltr'><strong>oppugnando</strong></span> <span class='ocrx_word' id='word_1_54' title='bbox 260 814 361 868; x_wconf 85' lang='lat' dir='ltr'><strong>hostem</strong></span> <span class='ocrx_word' id='word_1_55' title='bbox 372 821 520 868; x_wconf 82' lang='lat' dir='ltr'><strong>averteret.</strong></span> <span class='ocrx_word' id='word_1_56' title='bbox 565 817 629 867; x_wconf 83' lang='lat' dir='ltr'><strong>Huc</strong></span> <span class='ocrx_word' id='word_1_57' title='bbox 648 815 812 877; x_wconf 78' lang='lat' dir='ltr'>accedebat,</span> <span class='ocrx_word' id='word_1_58' title='bbox 838 821 871 864; x_wconf 93' lang='lat' dir='ltr'><strong>ut</strong></span> 
     </span>
     <span class='ocr_line' id='line_1_10' title="bbox 67 885 872 952; baseline -0.002 -16"><span class='ocrx_word' id='word_1_59' title='bbox 67 900 147 952; x_wconf 88' lang='lat' dir='ltr'><strong>aqna,</strong></span> <span class='ocrx_word' id='word_1_60' title='bbox 158 891 353 952; x_wconf 78' lang='lat' dir='ltr'><strong>praeterquam</strong></span> <span class='ocrx_word' id='word_1_61' title='bbox 363 887 392 935; x_wconf 87' lang='lat' dir='ltr'><strong>in</strong></span> <span class='ocrx_word' id='word_1_62' title='bbox 403 887 463 952; x_wconf 91' lang='lat' dir='ltr'><strong>ipso</strong></span> <span class='ocrx_word' id='word_1_63' title='bbox 476 885 577 952; x_wconf 91' lang='lat' dir='ltr'><strong>oppido</strong></span> <span class='ocrx_word' id='word_1_64' title='bbox 588 885 703 948; x_wconf 84' lang='lat' dir='ltr'><strong>Munda,</strong></span> <span class='ocrx_word' id='word_1_65' title='bbox 715 885 872 936; x_wconf 75' lang='lat' dir='ltr'><strong>circumcis·</strong></span> 
     </span>
     <span class='ocr_line' id='line_1_11' title="bbox 68 955 871 1022; baseline -0.002 -16"><span class='ocrx_word' id='word_1_66' title='bbox 68 971 101 1006; x_wconf 92' lang='lat' dir='ltr'><strong>ca</strong></span> <span class='ocrx_word' id='word_1_67' title='bbox 110 970 244 1022; x_wconf 77' lang='lat' dir='ltr'><strong>nusquam</strong></span> <span class='ocrx_word' id='word_1_68' title='bbox 256 956 426 1022; x_wconf 78' lang='lat' dir='ltr'><strong>reperiretur</strong></span> <span class='ocrx_word' id='word_1_69' title='bbox 442 957 556 1022; x_wconf 86' lang='lat' dir='ltr'><strong>propius</strong></span> <span class='ocrx_word' id='word_1_70' title='bbox 568 955 645 1006; x_wconf 85' lang='lat' dir='ltr'><strong>milia</strong></span> <span class='ocrx_word' id='word_1_71' title='bbox 656 971 783 1022; x_wconf 78' lang='lat' dir='ltr'><strong>passuum</strong></span> <span class='ocrx_word' id='word_1_72' title='bbox 797 962 871 1006; x_wconf 89' lang='lat' dir='ltr'><strong>octo.</strong></span> 
     </span>
     <span class='ocr_line' id='line_1_12' title="bbox 68 1025 873 1092; baseline 0 -18"><span class='ocrx_word' id='word_1_73' title='bbox 68 1025 146 1087; x_wconf 68' lang='lat' dir='ltr'><strong>Quae</strong></span> <span class='ocrx_word' id='word_1_74' title='bbox 161 1040 208 1076; x_wconf 84' lang='lat' dir='ltr'><strong>res</strong></span> <span class='ocrx_word' id='word_1_75' title='bbox 223 1041 325 1092; x_wconf 83' lang='lat' dir='ltr'><strong>magno</strong></span> <span class='ocrx_word' id='word_1_76' title='bbox 347 1031 408 1077; x_wconf 84' lang='lat' dir='ltr'><strong>erat</strong></span> <span class='ocrx_word' id='word_1_77' title='bbox 428 1025 589 1076; x_wconf 90' lang='lat' dir='ltr'><strong>adiumento</strong></span> <span class='ocrx_word' id='word_1_78' title='bbox 611 1025 762 1091; x_wconf 87' lang='lat' dir='ltr'><strong>oppidanis.</strong></span> <span class='ocrx_word' id='word_1_79' title='bbox 798 1025 873 1075; x_wconf 85' lang='lat' dir='ltr'><strong>Tum</strong></span> 
     </span>
     <span class='ocr_line' id='line_1_13' title="bbox 66 1094 872 1162; baseline -0.001 -17"><span class='ocrx_word' id='word_1_80' title='bbox 66 1099 215 1162; x_wconf 87' lang='lat' dir='ltr'><strong>praeterea</strong></span> <span class='ocrx_word' id='word_1_81' title='bbox 234 1095 397 1158; x_wconf 77' lang='lat' dir='ltr'><strong>accedebat,</strong></span> <span class='ocrx_word' id='word_1_82' title='bbox 418 1102 450 1145; x_wconf 93' lang='lat' dir='ltr'><strong>ut</strong></span> <span class='ocrx_word' id='word_1_83' title='bbox 468 1109 556 1162; x_wconf 76' lang='lat' dir='ltr'><strong>agger</strong></span> <span class='ocrx_word' id='word_1_84' title='bbox 576 1097 778 1162; x_wconf 86' lang='lat' dir='ltr'><strong>materiesque,</strong></span> <span class='ocrx_word' id='word_1_85' title='bbox 796 1094 872 1146; x_wconf 87' lang='lat' dir='ltr'><strong>unde</strong></span> 
     </span>
     <span class='ocr_line' id='line_1_14' title="bbox 67 1163 873 1232; baseline -0.002 -16"><span class='ocrx_word' id='word_1_86' title='bbox 67 1166 168 1216; x_wconf 86' lang='lat' dir='ltr'><strong>solitae</strong></span> <span class='ocrx_word' id='word_1_87' title='bbox 179 1170 246 1215; x_wconf 90' lang='lat' dir='ltr'><strong>sunt</strong></span> <span class='ocrx_word' id='word_1_88' title='bbox 256 1170 350 1216; x_wconf 90' lang='lat' dir='ltr'><strong>turres</strong></span> <span class='ocrx_word' id='word_1_89' title='bbox 361 1163 415 1232; x_wconf 84' lang='lat' dir='ltr'><strong>agi,</strong></span> <span class='ocrx_word' id='word_1_90' title='bbox 425 1164 757 1231; x_wconf 82' lang='lat' dir='ltr'><strong>propiusmiiiapessnum</strong></span> <span class='ocrx_word' id='word_1_91' title='bbox 768 1163 873 1215; x_wconf 86' lang='lat' dir='ltr'><strong>Virmn</strong></span> 
     </span>
     <span class='ocr_line' id='line_1_15' title="bbox 66 1233 873 1302; baseline -0.002 -16"><span class='ocrx_word' id='word_1_92' title='bbox 66 1235 286 1302; x_wconf 84' lang='lat' dir='ltr'><strong>reperiebantur.</strong></span> <span class='ocrx_word' id='word_1_93' title='bbox 321 1235 359 1284; x_wconf 82' lang='lat' dir='ltr'><strong>Ac</strong></span> <span class='ocrx_word' id='word_1_94' title='bbox 370 1234 527 1300; x_wconf 85' lang='lat' dir='ltr'><strong>Pompeius,</strong></span> <span class='ocrx_word' id='word_1_95' title='bbox 542 1240 574 1284; x_wconf 91' lang='lat' dir='ltr'><strong>ut</strong></span> <span class='ocrx_word' id='word_1_96' title='bbox 584 1233 677 1301; x_wconf 85' lang='lat' dir='ltr'><strong>oppidi</strong></span> <span class='ocrx_word' id='word_1_97' title='bbox 688 1235 873 1302; x_wconf 55' lang='lat' dir='ltr'><strong>oppugnatio</strong></span> 
     </span>
     <span class='ocr_line' id='line_1_16' title="bbox 66 1305 873 1368; baseline -0.002 -12"><span class='ocrx_word' id='word_1_98' title='bbox 66 1319 130 1356; x_wconf 87' lang='lat' dir='ltr'><strong>neor</strong></span> <span class='ocrx_word' id='word_1_99' title='bbox 142 1305 274 1355; x_wconf 89' lang='lat' dir='ltr'><strong>tutiorem</strong></span> <span class='ocrx_word' id='word_1_100' title='bbox 286 1305 417 1366; x_wconf 84' lang='lat' dir='ltr'><strong>efficeret,</strong></span> <span class='ocrx_word' id='word_1_101' title='bbox 437 1319 545 1355; x_wconf 90' lang='lat' dir='ltr'><strong>omnem</strong></span> <span class='ocrx_word' id='word_1_102' title='bbox 557 1306 701 1356; x_wconf 85' lang='lat' dir='ltr'><strong>materiem</strong></span> <span class='ocrx_word' id='word_1_103' title='bbox 712 1307 815 1356; x_wconf 87' lang='lat' dir='ltr'><strong>circum</strong></span> <span class='ocrx_word' id='word_1_104' title='bbox 826 1315 873 1368; x_wconf 89' lang='lat' dir='ltr'><strong>op·</strong></span> 
     </span>
     <span class='ocr_line' id='line_1_17' title="bbox 66 1373 874 1443; baseline 0 -18"><span class='ocrx_word' id='word_1_105' title='bbox 66 1374 162 1443; x_wconf 91' lang='lat' dir='ltr'><strong>pidum</strong></span> <span class='ocrx_word' id='word_1_106' title='bbox 177 1375 312 1425; x_wconf 85' lang='lat' dir='ltr'><strong>succisam</strong></span> <span class='ocrx_word' id='word_1_107' title='bbox 327 1374 403 1424; x_wconf 89' lang='lat' dir='ltr'><strong>intro</strong></span> <span class='ocrx_word' id='word_1_108' title='bbox 420 1375 567 1441; x_wconf 85' lang='lat' dir='ltr'><strong>congessit.</strong></span> <span class='ocrx_word' id='word_1_109' title='bbox 603 1374 648 1425; x_wconf 91' lang='lat' dir='ltr'><strong>lta</strong></span> <span class='ocrx_word' id='word_1_110' title='bbox 658 1374 816 1425; x_wconf 88' lang='lat' dir='ltr'><strong>necessario</strong></span> <span class='ocrx_word' id='word_1_111' title='bbox 827 1373 874 1425; x_wconf 83' lang='lat' dir='ltr'><strong>de·</strong></span> 
     </span>
     <span class='ocr_line' id='line_1_18' title="bbox 67 1442 881 1512; baseline -0.001 -18"><span class='ocrx_word' id='word_1_112' title='bbox 67 1444 240 1496; x_wconf 84' lang='lat' dir='ltr'><strong>ducebantur</strong></span> <span class='ocrx_word' id='word_1_113' title='bbox 251 1445 347 1505; x_wconf 89' lang='lat' dir='ltr'><strong>nostri,</strong></span> <span class='ocrx_word' id='word_1_114' title='bbox 367 1447 399 1493; x_wconf 91' lang='lat' dir='ltr'><strong>ut</strong></span> <span class='ocrx_word' id='word_1_115' title='bbox 410 1459 426 1493; x_wconf 89' lang='lat' dir='ltr'><strong>a</strong></span> <span class='ocrx_word' id='word_1_116' title='bbox 436 1442 554 1506; x_wconf 85' lang='lat' dir='ltr'><strong>Munda,</strong></span> <span class='ocrx_word' id='word_1_117' title='bbox 576 1443 650 1512; x_wconf 92' lang='lat' dir='ltr'><strong>quod</strong></span> <span class='ocrx_word' id='word_1_118' title='bbox 660 1444 785 1510; x_wconf 84' lang='lat' dir='ltr'><strong>proxime</strong></span> <span class='ocrx_word' id='word_1_119' title='bbox 795 1454 881 1509; x_wconf 85' lang='lat' dir='ltr'><strong>cepe·¹</strong></span> 
     </span>
     <span class='ocr_line' id='line_1_19' title="bbox 66 1512 558 1578; baseline -0.006 -13"><span class='ocrx_word' id='word_1_120' title='bbox 66 1520 140 1573; x_wconf 88' lang='lat' dir='ltr'><strong>rant,</strong></span> <span class='ocrx_word' id='word_1_121' title='bbox 152 1514 296 1565; x_wconf 85' lang='lat' dir='ltr'><strong>materiem</strong></span> <span class='ocrx_word' id='word_1_122' title='bbox 307 1512 356 1564; x_wconf 91' lang='lat' dir='ltr'><strong>ilio</strong></span> <span class='ocrx_word' id='word_1_123' title='bbox 368 1512 558 1578; x_wconf 78' lang='lat' dir='ltr'><strong>deportarent.</strong></span> 
     </span>
    </p>

    <p class='ocr_par' dir='ltr' id='par_1_3' title="bbox 12 1579 934 2769">
     <span class='ocr_line' id='line_1_20' title="bbox 117 1579 872 1651; baseline 0 -17"><span class='ocrx_word' id='word_1_124' title='bbox 117 1583 205 1634; x_wconf 87' lang='lat' dir='ltr'><strong>XLii.</strong></span> <span class='ocrx_word' id='word_1_125' title='bbox 223 1583 297 1634; x_wconf 91' lang='lat' dir='ltr'><strong>Dum</strong></span> <span class='ocrx_word' id='word_1_126' title='bbox 308 1579 377 1634; x_wconf 87' lang='lat' dir='ltr'><strong>haec</strong></span> <span class='ocrx_word' id='word_1_127' title='bbox 387 1582 422 1633; x_wconf 89' lang='lat' dir='ltr'><strong>ad</strong></span> <span class='ocrx_word' id='word_1_128' title='bbox 433 1582 566 1632; x_wconf 90' lang='lat' dir='ltr'><strong>Mundam</strong></span> <span class='ocrx_word' id='word_1_129' title='bbox 583 1588 722 1651; x_wconf 82' lang='lat' dir='ltr'><strong>geruntur</strong></span> <span class='ocrx_word' id='word_1_130' title='bbox 732 1588 761 1634; x_wconf 90' lang='lat' dir='ltr'><strong>et</strong></span> <span class='ocrx_word' id='word_1_131' title='bbox 771 1582 872 1634; x_wconf 83' lang='lat' dir='ltr'><strong>Ursao-</strong></span> 
     </span>
     <span class='ocr_line' id='line_1_21' title="bbox 64 1651 934 1726; baseline 0 -23"><span class='ocrx_word' id='word_1_132' title='bbox 64 1668 146 1716; x_wconf 88' lang='lat' dir='ltr'><strong>nem,</strong></span> <span class='ocrx_word' id='word_1_133' title='bbox 167 1653 282 1715; x_wconf 85' lang='lat' dir='ltr'><strong>Caesar,</strong></span> <span class='ocrx_word' id='word_1_134' title='bbox 301 1668 383 1720; x_wconf 89' lang='lat' dir='ltr'><strong>quum</strong></span> <span class='ocrx_word' id='word_1_135' title='bbox 395 1667 411 1702; x_wconf 89' lang='lat' dir='ltr'><strong>a</strong></span> <span class='ocrx_word' id='word_1_136' title='bbox 423 1651 547 1704; x_wconf 80' lang='lat' dir='ltr'><strong>Gadibus</strong></span> <span class='ocrx_word' id='word_1_137' title='bbox 559 1653 594 1704; x_wconf 88' lang='lat' dir='ltr'><strong>ad</strong></span> <span class='ocrx_word' id='word_1_138' title='bbox 604 1653 742 1721; x_wconf 83' lang='lat' dir='ltr'><strong>Hispalim</strong></span> <span class='ocrx_word' id='word_1_139' title='bbox 754 1668 785 1704; x_wconf 87' lang='lat' dir='ltr'><strong>se</strong></span> <span class='ocrx_word' id='word_1_140' title='bbox 795 1667 871 1704; x_wconf 89' lang='lat' dir='ltr'><strong>rece·</strong></span> <span class='ocrx_word' id='word_1_141' title='bbox 927 1705 934 1726; x_wconf 43' lang='lat' dir='ltr'><em>s</em></span> 
     </span>
     <span class='ocr_line' id='line_1_22' title="bbox 64 1722 870 1790; baseline -0.001 -17"><span class='ocrx_word' id='word_1_142' title='bbox 64 1724 163 1789; x_wconf 83' lang='lat' dir='ltr'><strong>pisset‚</strong></span> <span class='ocrx_word' id='word_1_143' title='bbox 174 1723 330 1790; x_wconf 89' lang='lat' dir='ltr'><strong>insequenti</strong></span> <span class='ocrx_word' id='word_1_144' title='bbox 342 1722 395 1785; x_wconf 92' lang='lat' dir='ltr'><strong>die,</strong></span> <span class='ocrx_word' id='word_1_145' title='bbox 407 1724 539 1774; x_wconf 88' lang='lat' dir='ltr'><strong>concione</strong></span> <span class='ocrx_word' id='word_1_146' title='bbox 551 1722 694 1787; x_wconf 85' lang='lat' dir='ltr'><strong>advocata,</strong></span> <span class='ocrx_word' id='word_1_147' title='bbox 705 1737 870 1774; x_wconf 88' lang='lat' dir='ltr'><strong>commemo·</strong></span> 
     </span>
     <span class='ocr_line' id='line_1_23' title="bbox 64 1791 870 1860; baseline -0.001 -16"><span class='ocrx_word' id='word_1_148' title='bbox 64 1799 118 1855; x_wconf 87' lang='lat' dir='ltr'><strong>rat,</strong></span> <span class='ocrx_word' id='word_1_149' title='bbox 129 1791 377 1860; x_wconf 80' lang='lat' dir='ltr'><strong>initioqoaeetnrae</strong></span> <span class='ocrx_word' id='word_1_150' title='bbox 387 1807 452 1844; x_wconf 82' lang='lat' dir='ltr'><strong>serae</strong></span> <span class='ocrx_word' id='word_1_151' title='bbox 463 1808 521 1844; x_wconf 82' lang='lat' dir='ltr'><strong>corn</strong></span> <span class='ocrx_word' id='word_1_152' title='bbox 528 1791 696 1860; x_wconf 79' lang='lat' dir='ltr'><strong>provinciam</strong></span> <span class='ocrx_word' id='word_1_153' title='bbox 706 1810 740 1845; x_wconf 78' lang='lat' dir='ltr'><strong>es</strong></span> <span class='ocrx_word' id='word_1_154' title='bbox 750 1791 870 1844; x_wconf 82' lang='lat' dir='ltr'><strong>omnibns</strong></span> 
     </span>
     <span class='ocr_line' id='line_1_24' title="bbox 60 1861 870 1932; baseline 0.002 -20"><span class='ocrx_word' id='word_1_155' title='bbox 60 1861 210 1930; x_wconf 83' lang='lat' dir='ltr'><strong>provinciis</strong></span> <span class='ocrx_word' id='word_1_156' title='bbox 216 1862 381 1929; x_wconf 83' lang='lat' dir='ltr'><strong>peculiarem</strong></span> <span class='ocrx_word' id='word_1_157' title='bbox 391 1861 443 1914; x_wconf 88' lang='lat' dir='ltr'><strong>eibi</strong></span> <span class='ocrx_word' id='word_1_158' title='bbox 453 1861 624 1915; x_wconf 79' lang='lat' dir='ltr'><strong>corastituisse</strong></span> <span class='ocrx_word' id='word_1_159' title='bbox 636 1873 671 1926; x_wconf 83' lang='lat' dir='ltr'><strong>et,</strong></span> <span class='ocrx_word' id='word_1_160' title='bbox 691 1879 759 1932; x_wconf 85' lang='lat' dir='ltr'><strong>quae</strong></span> <span class='ocrx_word' id='word_1_161' title='bbox 767 1862 870 1930; x_wconf 82' lang='lat' dir='ltr'><strong>potuis·</strong></span> 
     </span>
     <span class='ocr_line' id='line_1_25' title="bbox 63 1929 871 2002; baseline 0.001 -19"><span class='ocrx_word' id='word_1_162' title='bbox 63 1941 105 1983; x_wconf 89' lang='lat' dir='ltr'><strong>set</strong></span> <span class='ocrx_word' id='word_1_163' title='bbox 119 1949 149 1984; x_wconf 86' lang='lat' dir='ltr'><strong>eo</strong></span> <span class='ocrx_word' id='word_1_164' title='bbox 166 1940 292 2000; x_wconf 86' lang='lat' dir='ltr'><strong>tempore,</strong></span> <span class='ocrx_word' id='word_1_165' title='bbox 313 1931 442 2001; x_wconf 74' lang='lat' dir='ltr'><strong>beneficia</strong></span> <span class='ocrx_word' id='word_1_166' title='bbox 462 1931 594 2002; x_wconf 73' lang='lat' dir='ltr'><strong>largitam</strong></span> <span class='ocrx_word' id='word_1_167' title='bbox 614 1949 678 1984; x_wconf 87' lang='lat' dir='ltr'><strong>esee.</strong></span> <span class='ocrx_word' id='word_1_168' title='bbox 712 1929 871 2000; x_wconf 81' lang='lat' dir='ltr'><strong>Insequenti</strong></span> 
     </span>
     <span class='ocr_line' id='line_1_26' title="bbox 60 2001 868 2072; baseline -0.001 -20"><span class='ocrx_word' id='word_1_169' title='bbox 60 2010 196 2070; x_wconf 81' lang='lat' dir='ltr'><strong>praetura</strong></span> <span class='ocrx_word' id='word_1_170' title='bbox 211 2001 341 2068; x_wconf 83' lang='lat' dir='ltr'><strong>ampliato</strong></span> <span class='ocrx_word' id='word_1_171' title='bbox 357 2001 465 2066; x_wconf 86' lang='lat' dir='ltr'><strong>bonore,</strong></span> <span class='ocrx_word' id='word_1_172' title='bbox 485 2002 642 2072; x_wconf 79' lang='lat' dir='ltr'><strong>vectigalia,</strong></span> <span class='ocrx_word' id='word_1_173' title='bbox 664 2019 732 2070; x_wconf 84' lang='lat' dir='ltr'><strong>quas</strong></span> <span class='ocrx_word' id='word_1_174' title='bbox 744 2001 868 2054; x_wconf 81' lang='lat' dir='ltr'><strong>Meteilus</strong></span> 
     </span>
     <span class='ocr_line' id='line_1_27' title="bbox 62 2071 867 2141; baseline 0.001 -20"><span class='ocrx_word' id='word_1_175' title='bbox 62 2071 242 2138; x_wconf 83' lang='lat' dir='ltr'><strong>imposuisset,</strong></span> <span class='ocrx_word' id='word_1_176' title='bbox 264 2080 389 2123; x_wconf 83' lang='lat' dir='ltr'><strong>arenata</strong></span> <span class='ocrx_word' id='word_1_177' title='bbox 405 2072 506 2140; x_wconf 77' lang='lat' dir='ltr'><strong>petitae</strong></span> <span class='ocrx_word' id='word_1_178' title='bbox 521 2082 548 2123; x_wconf 85' lang='lat' dir='ltr'><strong>et</strong></span> <span class='ocrx_word' id='word_1_179' title='bbox 564 2071 602 2124; x_wconf 86' lang='lat' dir='ltr'><strong>eis</strong></span> <span class='ocrx_word' id='word_1_180' title='bbox 622 2071 741 2141; x_wconf 80' lang='lat' dir='ltr'><strong>pecuniis</strong></span> <span class='ocrx_word' id='word_1_181' title='bbox 757 2072 867 2138; x_wconf 82' lang='lat' dir='ltr'><strong>procin-</strong></span> 
     </span>
     <span class='ocr_line' id='line_1_28' title="bbox 12 2139 867 2208; baseline 0 -16"><span class='ocrx_word' id='word_1_182' title='bbox 12 2157 13 2160; x_wconf 69' lang='grc'>’</span> <span class='ocrx_word' id='word_1_183' title='bbox 63 2139 134 2192; x_wconf 67' lang='lat' dir='ltr'><strong>darn</strong></span> <span class='ocrx_word' id='word_1_184' title='bbox 145 2139 288 2198; x_wconf 84' lang='lat' dir='ltr'><strong>liberaete‚·</strong></span> <span class='ocrx_word' id='word_1_185' title='bbox 305 2140 433 2208; x_wconf 69' lang='lat' dir='ltr'><strong>nitentque</strong></span> <span class='ocrx_word' id='word_1_186' title='bbox 450 2141 607 2208; x_wconf 83' lang='lat' dir='ltr'><strong>patrocinio</strong></span> <span class='ocrx_word' id='word_1_187' title='bbox 623 2149 758 2207; x_wconf 64' lang='lat' dir='ltr'><strong>terresque,</strong></span> <span class='ocrx_word' id='word_1_188' title='bbox 776 2141 867 2192; x_wconf 73' lang='lat' dir='ltr'><strong>institis</strong></span> 
     </span>
     <span class='ocr_line' id='line_1_29' title="bbox 63 2209 869 2278; baseline -0.002 -16"><span class='ocrx_word' id='word_1_189' title='bbox 63 2209 242 2278; x_wconf 72' lang='lat' dir='ltr'><strong>legationibus</strong></span> <span class='ocrx_word' id='word_1_190' title='bbox 253 2209 286 2261; x_wconf 86' lang='lat' dir='ltr'><strong>ab</strong></span> <span class='ocrx_word' id='word_1_191' title='bbox 297 2210 363 2262; x_wconf 86' lang='lat' dir='ltr'><strong>sein</strong></span> <span class='ocrx_word' id='word_1_192' title='bbox 374 2219 495 2263; x_wconf 85' lang='lat' dir='ltr'><strong>renatam</strong></span> <span class='ocrx_word' id='word_1_193' title='bbox 504 2210 632 2274; x_wconf 80' lang='lat' dir='ltr'><strong>inductis,</strong></span> <span class='ocrx_word' id='word_1_194' title='bbox 655 2211 734 2262; x_wconf 83' lang='lat' dir='ltr'><strong>simui</strong></span> <span class='ocrx_word' id='word_1_195' title='bbox 745 2209 869 2278; x_wconf 76' lang='lat' dir='ltr'><strong>publicas</strong></span> 
     </span>
     <span class='ocr_line' id='line_1_30' title="bbox 58 2278 867 2348; baseline 0.001 -18"><span class='ocrx_word' id='word_1_196' title='bbox 58 2279 236 2348; x_wconf 80' lang='lat' dir='ltr'><strong>privataeque</strong></span> <span class='ocrx_word' id='word_1_197' title='bbox 254 2295 373 2343; x_wconf 83' lang='lat' dir='ltr'><strong>caussas,</strong></span> <span class='ocrx_word' id='word_1_198' title='bbox 393 2282 538 2332; x_wconf 81' lang='lat' dir='ltr'><strong>ascitorum</strong></span> <span class='ocrx_word' id='word_1_199' title='bbox 557 2279 710 2333; x_wconf 76' lang='lat' dir='ltr'><strong>irrirnisitis&#39;s</strong></span> <span class='ocrx_word' id='word_1_200' title='bbox 726 2278 867 2346; x_wconf 83' lang='lat' dir='ltr'><strong>susceptis,</strong></span> 
     </span>
     <span class='ocr_line' id='line_1_31' title="bbox 62 2349 868 2421; baseline 0.002 -21"><span class='ocrx_word' id='word_1_201' title='bbox 62 2349 227 2421; x_wconf 79' lang='lat' dir='ltr'><strong>defendisse:</strong></span> <span class='ocrx_word' id='word_1_202' title='bbox 245 2365 292 2401; x_wconf 87' lang='lat' dir='ltr'><strong>suo</strong></span> <span class='ocrx_word' id='word_1_203' title='bbox 303 2349 367 2401; x_wconf 84' lang='lat' dir='ltr'><strong>item</strong></span> <span class='ocrx_word' id='word_1_204' title='bbox 378 2349 407 2402; x_wconf 86' lang='lat' dir='ltr'><strong>in</strong></span> <span class='ocrx_word' id='word_1_205' title='bbox 419 2353 558 2402; x_wconf 77' lang='lat' dir='ltr'><strong>consulatu</strong></span> <span class='ocrx_word' id='word_1_206' title='bbox 568 2349 715 2412; x_wconf 83' lang='lat' dir='ltr'><strong>absentem,</strong></span> <span class='ocrx_word' id='word_1_207' title='bbox 737 2365 805 2416; x_wconf 85' lang='lat' dir='ltr'><strong>qaae</strong></span> <span class='ocrx_word' id='word_1_208' title='bbox 821 2365 868 2416; x_wconf 84' lang='lat' dir='ltr'><strong>po·</strong></span> 
     </span>
     <span class='ocr_line' id='line_1_32' title="bbox 61 2418 867 2487; baseline -0.001 -15"><span class='ocrx_word' id='word_1_209' title='bbox 61 2419 167 2482; x_wconf 76' lang='lat' dir='ltr'><strong>ruisset,</strong></span> <span class='ocrx_word' id='word_1_210' title='bbox 177 2419 312 2471; x_wconf 73' lang='lat' dir='ltr'><strong>coronanda</strong></span> <span class='ocrx_word' id='word_1_211' title='bbox 319 2420 475 2487; x_wconf 71' lang='lat' dir='ltr'><strong>provinciae</strong></span> <span class='ocrx_word' id='word_1_212' title='bbox 486 2418 628 2472; x_wconf 79' lang='lat' dir='ltr'><strong>tribuisse:</strong></span> <span class='ocrx_word' id='word_1_213' title='bbox 649 2435 741 2472; x_wconf 83' lang='lat' dir='ltr'><strong>sorum</strong></span> <span class='ocrx_word' id='word_1_214' title='bbox 751 2418 867 2471; x_wconf 80' lang='lat' dir='ltr'><strong>nennium</strong></span> 
     </span>
     <span class='ocr_line' id='line_1_33' title="bbox 61 2487 867 2559; baseline -0.004 -17"><span class='ocrx_word' id='word_1_215' title='bbox 61 2490 259 2542; x_wconf 83' lang='lat' dir='ltr'><strong>corrrnrodoranr</strong></span> <span class='ocrx_word' id='word_1_216' title='bbox 274 2505 329 2541; x_wconf 82' lang='lat' dir='ltr'><strong>erse</strong></span> <span class='ocrx_word' id='word_1_217' title='bbox 344 2499 371 2540; x_wconf 89' lang='lat' dir='ltr'><strong>et</strong></span> <span class='ocrx_word' id='word_1_218' title='bbox 386 2489 565 2554; x_wconf 64' lang='lat' dir='ltr'><strong>contremeret,</strong></span> <span class='ocrx_word' id='word_1_219' title='bbox 585 2499 612 2541; x_wconf 83' lang='lat' dir='ltr'><strong>st</strong></span> <span class='ocrx_word' id='word_1_220' title='bbox 627 2489 752 2559; x_wconf 80' lang='lat' dir='ltr'><strong>ingratos</strong></span> <span class='ocrx_word' id='word_1_221' title='bbox 763 2489 792 2540; x_wconf 84' lang='lat' dir='ltr'><strong>ia</strong></span> <span class='ocrx_word' id='word_1_222' title='bbox 803 2504 830 2540; x_wconf 85' lang='lat' dir='ltr'><strong>se</strong></span> <span class='ocrx_word' id='word_1_223' title='bbox 842 2487 867 2540; x_wconf 80' lang='lat' dir='ltr'><strong>st</strong></span> 
     </span>
     <span class='ocr_line' id='line_1_34' title="bbox 59 2557 868 2627; baseline -0.005 -14"><span class='ocrx_word' id='word_1_224' title='bbox 59 2561 227 2626; x_wconf 75' lang='lat' dir='ltr'><strong>inproperium</strong></span> <span class='ocrx_word' id='word_1_225' title='bbox 236 2557 401 2620; x_wconf 79' lang='lat' dir='ltr'><strong>Romanum,</strong></span> <span class='ocrx_word' id='word_1_226' title='bbox 419 2558 469 2611; x_wconf 89' lang='lat' dir='ltr'><strong>boc</strong></span> <span class='ocrx_word' id='word_1_227' title='bbox 479 2559 545 2612; x_wconf 83' lang='lat' dir='ltr'><strong>bello</strong></span> <span class='ocrx_word' id='word_1_228' title='bbox 561 2569 587 2614; x_wconf 86' lang='lat' dir='ltr'><strong>et</strong></span> <span class='ocrx_word' id='word_1_229' title='bbox 601 2559 630 2612; x_wconf 92' lang='lat' dir='ltr'><strong>in</strong></span> <span class='ocrx_word' id='word_1_230' title='bbox 640 2559 792 2627; x_wconf 84' lang='lat' dir='ltr'><strong>praeterito</strong></span> <span class='ocrx_word' id='word_1_231' title='bbox 803 2567 868 2610; x_wconf 85' lang='lat' dir='ltr'><strong>tenr-</strong></span> 
     </span>
     <span class='ocr_line' id='line_1_35' title="bbox 58 2627 867 2701; baseline -0.001 -20"><span class='ocrx_word' id='word_1_232' title='bbox 58 2647 127 2701; x_wconf 79' lang='lat' dir='ltr'><strong>pore</strong></span> <span class='ocrx_word' id='word_1_233' title='bbox 137 2644 271 2698; x_wconf 81' lang='lat' dir='ltr'><strong>cognosse.</strong></span> <span class='ocrx_word' id='word_1_234' title='bbox 312 2627 372 2691; x_wconf 81' lang='lat' dir='ltr'><strong>Vos,</strong></span> <span class='ocrx_word' id='word_1_235' title='bbox 387 2628 446 2680; x_wconf 83' lang='lat' dir='ltr'><strong>iare</strong></span> <span class='ocrx_word' id='word_1_236' title='bbox 455 2631 579 2697; x_wconf 74' lang='lat' dir='ltr'><strong>gentium</strong></span> <span class='ocrx_word' id='word_1_237' title='bbox 589 2638 617 2681; x_wconf 84' lang='lat' dir='ltr'><strong>st</strong></span> <span class='ocrx_word' id='word_1_238' title='bbox 627 2629 725 2682; x_wconf 80' lang='lat' dir='ltr'><strong>cisium</strong></span> <span class='ocrx_word' id='word_1_239' title='bbox 735 2629 867 2681; x_wconf 83' lang='lat' dir='ltr'><strong>Romano-</strong></span> 
     </span>
     <span class='ocr_line' id='line_1_36' title="bbox 59 2697 865 2769; baseline -0.004 -15"><span class='ocrx_word' id='word_1_240' title='bbox 59 2715 121 2754; x_wconf 83' lang='lat' dir='ltr'><strong>rum</strong></span> <span class='ocrx_word' id='word_1_241' title='bbox 132 2697 266 2752; x_wconf 81' lang='lat' dir='ltr'><strong>institutis</strong></span> <span class='ocrx_word' id='word_1_242' title='bbox 277 2698 403 2768; x_wconf 76' lang='lat' dir='ltr'><strong>cognitis,</strong></span> <span class='ocrx_word' id='word_1_243' title='bbox 424 2716 496 2752; x_wconf 76' lang='lat' dir='ltr'><strong>neore</strong></span> <span class='ocrx_word' id='word_1_244' title='bbox 507 2700 691 2765; x_wconf 81' lang='lat' dir='ltr'><strong>barbarorum,</strong></span> <span class='ocrx_word' id='word_1_245' title='bbox 708 2698 803 2769; x_wconf 79' lang='lat' dir='ltr'><strong>populi</strong></span> <span class='ocrx_word' id='word_1_246' title='bbox 812 2697 865 2751; x_wconf 83' lang='lat' dir='ltr'><strong>Re·</strong></span> 
     </span>
    </p>
   </div>
   <div class='ocr_carea' id='block_1_3' title="bbox 58 2769 865 2870">
    <p class='ocr_par' dir='ltr' id='par_1_4' title="bbox 58 2769 865 2870">
     <span class='ocr_line' id='line_1_37' title="bbox 58 2769 865 2870; baseline -0.005 -44"><span class='ocrx_word' id='word_1_247' title='bbox 58 2769 134 2826; x_wconf 80' lang='lat' dir='ltr'><strong>mani</strong></span> <span class='ocrx_word' id='word_1_248' title='bbox 152 2769 359 2870; x_wconf 68' lang='lat' dir='ltr'><strong>magistratibuq</strong></span> <span class='ocrx_word' id='word_1_249' title='bbox 378 2771 556 2828; x_wconf 84' lang='lat' dir='ltr'><strong>sacrosanctis</strong></span> <span class='ocrx_word' id='word_1_250' title='bbox 571 2787 666 2829; x_wconf 81' lang='lat' dir='ltr'><strong>enonas</strong></span> <span class='ocrx_word' id='word_1_251' title='bbox 681 2773 760 2826; x_wconf 84' lang='lat' dir='ltr'><strong>semel</strong></span> <span class='ocrx_word' id='word_1_252' title='bbox 772 2779 798 2823; x_wconf 83' lang='lat' dir='ltr'><strong>er</strong></span> <span class='ocrx_word' id='word_1_253' title='bbox 809 2786 865 2823; x_wconf 83' lang='lat' dir='ltr'><strong>sae·</strong></span> 
     </span>
    </p>
   </div>
   <div class='ocr_carea' id='block_1_4' title="bbox 0 0 1066 3154">
    <p class='ocr_par' dir='ltr' id='par_1_5' title="bbox 0 0 1066 3154">
     <span class='ocr_line' id='line_1_38' title="bbox 0 0 1066 3154; baseline 0 1"><span class='ocrx_word' id='word_1_254' title='bbox 0 0 1066 3154; x_wconf 95' lang='lat' dir='ltr'><strong> </strong></span> 
     </span>
    </p>
   </div>
  </div>
 </body>
</html>
