2152 3144
387 187 611 243 clusani.
847 185 899 242 327

99 291 239 360 legionum
259 289 387 358 reliquit,
407 289 607 358 castellumque
627 287 668 340 ibi
687 289 788 340 muniri
808 289 900 343 iussit,

97 360 203 412 Eodem
215 365 341 426 tempore
353 361 492 428 equitatus
501 362 576 428 regis
589 359 675 425 cotys
687 357 722 408 ad
734 364 827 410 castra
837 360 901 412 Cas·

98 431 134 482 sii
145 430 298 491 advolavit,
319 431 365 497 qui
377 431 479 482 circum
490 428 665 480 Thessaliam
677 441 738 479 esse
749 441 900 481 consuere·

99 506 154 552 rat.
190 501 262 550 'l'um
279 502 378 550 timore
394 501 560 566 perterritus
575 497 696 559 Cassius,
715 500 826 566 cognito
843 497 900 550 Scl-

98 570 190 638 pionis
210 568 342 632 adventu,
359 569 481 638 visisque
502 568 651 637 equitibus,
670 581 740 634 quos
761 567 901 634 Scipionis

99 653 162 691 esse
173 639 371 702 arbitrabatur,
391 639 425 690 ad
437 645 545 690 orontes
556 653 586 690 se
598 637 745 698 convertit,
755 639 801 705 qui
814 636 901 689 Thes·

98 708 196 758 saliam
208 709 331 775 cingunt,
349 713 432 776 atque
443 723 477 760 ex
489 707 530 758 his
542 708 610 759 locis
619 707 791 758 Ambraciam
802 721 900 759 versus

97 778 154 828 iter
170 777 264 828 lacere
278 779 379 844 coepit.
415 781 450 831 nt
466 777 634 844 Scipionem,
651 781 847 844 properantem
859 793 901 830 se·

97 847 153 914 qui,
170 845 282 898 litterae
296 851 363 898 sunt
377 853 545 900 consecutae
561 861 578 898 a
593 847 633 898 Μ.
647 847 786 909 Favonio,
806 842 901 898 Domi·

98 915 167 968 tium
178 931 237 967 cum
248 915 399 986 leg-ionibus
409 918 511 980 adesse,
528 933 612 984 πηνα
621 933 649 968 se
655 915 834 986 praesidium,
853 913 902 968 att

97 985 262 1038 constitutus
272 995 354 1049 esset,
372 987 429 1040 nne
443 986 549 1040 auxilio
566 986 699 1056 Scipionis
714 995 804 1038 tencre
812 1001 900 1054 posse.

97 1055 202 1118 Quibus
223 1056 325 1124 litteris
346 1059 482 1125 acceptis,
511 1057 654 1109 consilium
676 1055 768 1122 Scipio
789 1057 900 1124 iterque

98 1131 265 1189 commutat3
277 1126 401 1178 Cassium
415 1129 493 1195 sequi
503 1127 621 1190 desistit,
627 1127 751 1178 Favonio
764 1125 900 1178 auxilium

98 1195 172 1246 terre
184 1195 336 1247 contendit.
371 1197 469 1266 ltaque
486 1197 531 1250 die
543 1213 576 1248 ac
587 1203 667 1248 nocte
679 1196 842 1248 continuato
853 1197 900 1246 iti·

98 1279 164 1317 uere
175 1264 210 1316 ad
223 1281 285 1316 eum
301 1268 441 1332 pervenit,
462 1273 520 1318 tarn
537 1273 694 1333 opportuno
706 1270 846 1330 tempore,
866 1267 903 1315 ui

97 1333 180 1385 simul
192 1334 345 1386 Domitiani
353 1336 760 1402 enercituspulviscernerctor
776 1339 805 1385 et
816 1333 901 1400 primi

97 1409 294 1456 antecursores
306 1403 443 1473 Scipionis
453 1404 624 1457 riderentur.
659 1405 703 1455 lta
713 1404 808 1454 Cassio
819 1403 898 1454 indu·

97 1475 167 1524 stria
178 1473 305 1538 Domitii,
325 1474 449 1526 Favonio
471 1473 609 1541 Scipionis
629 1474 759 1527 celeritas
779 1473 900 1526 salutem

97 1543 207 1595 adtulit.

108 1625 110 1630 ’
148 1611 288 1665 xxxvii.
307 1611 407 1680 Scipio,
416 1613 532 1666 biduum
544 1614 645 1666 eastris
655 1610 762 1666 stativis
773 1615 901 1662 moratus

96 1681 132 1734 ad
143 1682 256 1744 ilumen,
268 1683 341 1751 quod
354 1687 500 1735 inteream
516 1689 546 1737 et
557 1685 672 1736 Domitii
684 1686 776 1734 castra
786 1678 900 1744 lluebet,

97 1753 309 1805 Haliacmonem
320 1755 406 1805 tertio
423 1753 468 1805 dic
483 1757 573 1820 prima
588 1753 652 1806 luce
662 1749 905 1804 exercitumvado

97 1822 254 1874 transducit
264 1827 301 1885 ct,
311 1825 410 1876 castris
421 1825 525 1892 positis,
533 1829 647 1891 postero
658 1823 702 1875 dic
712 1835 794 1873 manc
804 1819 906 1886 copias·

97 1899 162 1944 onte
174 1891 294 1944 lbontem
312 1899 468 1946 castrorum
484 1895 574 1946 struit.
611 1893 751 1946 Domitius
762 1895 820 1941 tum
833 1903 900 1957 quo-

98 1963 223 2030 quesibi
245 1961 427 2015 dubitandum
449 1979 505 2014 non
521 1965 638 2031 putarit,
659 1965 733 2032 quin,
754 1958 900 2026 productis

97 2033 264 2099 legionibus,
276 2033 383 2098 proelio
394 2033 559 2086 decertaret.
596 2032 664 2096 Sed,
679 2045 763 2100 quum
774 2035 849 2082 essct
858 2031 900 2080 in·

99 2106 142 2152 ter
153 2103 220 2152 bina
231 2107 323 2154 castra
334 2118 449 2169 campus
460 2105 573 2154 circiter
584 2104 689 2155 milium
700 2113 829 2167 passuum
840 2112 900 2162 sex,

99 2170 237 2221 Domitius
248 2173 348 2222 castris
359 2171 496 2239 Scipionis
508 2175 595 2224 aciem
612 2187 690 2224 suern
701 2169 831 2220 subiecit.-
849 2166 900 2218 ille
959 2165 961 2170 '

98 2239 197 2290 avallo
213 2253 269 2290 non
281 2239 424 2292 discedere
439 2242 638 2308 perseverarit:
660 2245 794 2299 attamen,
815 2248 899 2303 aegra

98 2309 214 2360 retentis
224 2308 394 2361 Domitianis
404 2309 548 2374 militibus,
570 2309 735 2370 estfactum,
746 2307 905 2372 neproelim

97 2376 327 2441 contenderetur3
347 2383 376 2432 et
397 2380 530 2442 maxime,
552 2379 627 2447 quod
647 2381 723 2429 rivus
743 2375 900 2440 difficilibus

36 2457 42 2466 ·
97 2447 172 2514 ripis,
184 2448 283 2498 castris
299 2447 434 2516 Scipionis
444 2450 594 2510 subiectus,
614 2461 779 2515 progressos
790 2452 900 2498 nostro·

97 2533 158 2568 rum
178 2516 363 2584 impediebat.
392 2517 647 2582 Quorumstudium
670 2518 900 2585 alacritatemque

98 2587 238 2656 pugnandi
249 2602 332 2656 quum
344 2586 518 2657 cognovisset
533 2589 639 2654 Scipio,
661 2588 816 2655 suspicatus
828 2586 900 2650 iore,

98 2661 129 2707 ut
151 2664 263 2723 postero
286 2657 330 2710 die
347 2666 396 2710 out
409 2661 514 2711 invitus
528 2658 660 2711 dimicare
677 2663 833 2726 cogeretur,
852 2653 907 2708 aut²

99 2739 199 2797 magna
211 2743 271 2781 cum
281 2728 397 2782 infantia
411 2731 510 2782 castris
527 2731 721 2794 secontiam,
741 2730 787 2798 qui
797 2741 900 2800 magua
