2134 3148
336 195 594 249 nantelmo,
664 201 667 208 Δ
786 155 867 252 ι444)

10 288 13 297 ’
67 307 195 370 utquam
206 300 320 366 propius
331 299 569 368 oppidumcoptss
580 299 761 363 admonisset,
782 315 866 368 oppu-

7 411 8 424 ,
65 383 202 437 quareque
219 371 370 435 coepisset,
395 375 471 421 tecta
486 370 577 422 latera
592 371 651 421 suis
665 372 867 424 munitionibus

65 439 184 501 baberet,
206 451 251 500 ne,
267 441 302 490 ab
313 441 453 504 equitatus
463 440 643 492 multitudiue
655 441 867 506 circumventus,

65 509 98 562 ab
108 509 314 576 oppugnatione
325 508 531 574 deterreretur3
550 515 712 576 praeterea,
735 525 789 578 quo
801 510 870 562 iaci·

64 580 115 630 lius
131 577 270 646 colloquia
285 579 345 630 lieri
360 585 477 645 possent
492 585 533 643 et,
554 581 579 631 si
594 581 639 648 qui
648 579 804 648 perfugere
813 583 871 633 vel·

16 648 17 654 ’
64 649 132 711 lent,
153 647 181 698 id
196 648 269 714 quod
285 654 369 700 autea
384 664 467 716 saepe
484 649 624 702 acciderat
634 665 737 717 magno
747 666 811 702 eum
823 665 870 703 eo·

63 733 125 770 rum,
133 717 265 784 periculo,
280 725 340 768 turn
352 717 434 770 facile
446 726 476 771 et
486 721 547 772 sine
556 719 682 787 periculo
694 719 785 772 tieret.
813 721 871 774 Vo·
926 743 933 756 ·

63 788 216 838 luitetiam
233 788 367 857 experiri,
388 803 473 856 quum
487 787 725 858 propiushestem
737 791 872 844 accessis·

64 864 114 918 set,
126 855 283 910 haberetne
290 859 324 909 in
336 859 429 910 animo
441 859 582 911 dimicare.
616 860 774 913 Accedebat
784 861 872 914 etiam

65 927 99 978 ad
111 927 232 995 reliquas
253 943 376 992 caussas,
397 929 511 996 quadis
529 930 607 980 loeus
628 930 777 996 depressus
798 936 871 994 erat,

64 999 194 1065 puteique
215 997 253 1050 ibi
275 998 439 1065 complures.
456 998 519 1050 sieri
540 1004 689 1066 poterant:
718 1003 871 1068 aquatione

65 1069 138 1119 enim
154 1067 284 1135 languet
299 1073 418 1136 angusta
433 1070 573 1122 utebatur.
588 1103 590 1106 -
609 1069 684 1121 Dum
696 1069 765 1124 baec
776 1083 870 1140 opere,

64 1152 134 1208 quae
155 1143 220 1189 aute
241 1129 307 1201 diii,
329 1141 433 1190 tiebaut
448 1155 465 1190 a
483 1137 650 1208 legionibus,
670 1135 785 1201 interir‘n
805 1157 870 1209 pars

64 1209 122 1260 acie
139 1213 203 1260 ante
221 1224 290 1275 opus
309 1211 447 1261 instructa
462 1211 513 1262 sub
526 1209 606 1262 hoste
615 1211 717 1261 stabat.
752 1211 871 1278 Equites

65 1278 174 1330 barbari
187 1276 309 1346 levisque
326 1285 486 1332 armaturae
501 1280 744 1348 proeliis-minutis
757 1282 871 1332 conimi-

64 1364 115 1400 nus
127 1348 304 1416 dinticabant.
609 1389 611 1394 .

95 1469 98 1472 .
115 1417 175 1468 Lll.
196 1419 300 1470 Caesar
311 1419 347 1471 ab
357 1433 391 1470 eo
404 1433 490 1486 opere
499 1433 584 1486 quum
594 1418 651 1470 iam
663 1422 713 1472 sub
724 1435 875 1486 uesperum

64 1488 157 1554 copias
169 1488 199 1539 in
209 1494 303 1540 eastra
313 1489 580 1556 reduceret,msguc
591 1491 713 1553 incursu,
722 1491 873 1541 cumomni

11 1573 13 1580 ¹
63 1559 191 1627 equitatu
202 1558 312 1626 levique
323 1567 475 1621 armatura,
486 1559 563 1624 luba,
574 1557 678 1624 Scipio,
688 1560 830 1613 Labienus
841 1561 872 1612 in

63 1627 235 1694 legionarios
250 1630 384 1696 impetum
402 1629 537 1680 fecerunt.
573 1629 689 1697 Equites
702 1631 872 1694 Caesariani,

61 1699 91 1750 ri
102 1698 250 1750 universae
270 1701 434 1768 subitaeque
452 1697 576 1751 hostium
588 1699 777 1752 turultitudinis
788 1700 873 1766 pulsi,

11 1788 14 1796 ·
61 1783 212 1836 parumper
224 1777 385 1822 cesseruntr
401 1785 471 1840 quae
487 1784 533 1821 res
549 1769 633 1822 aliter
648 1769 817 1824 adversariis
828 1785 872 1823 ee·

62 1838 139 1890 cidit.
169 1838 294 1907 Namque
307 1843 419 1904 Caesar,
430 1855 465 1892 cx
477 1838 569 1893 medio
579 1839 681 1893 itinere
692 1841 780 1907 ecpiis
791 1841 873 1893 redu-

62 1909 125 1971 ctis,
146 1909 285 1976 equitibus
305 1912 373 1962 suis
385 1911 520 1963 auxilium
542 1909 621 1962 tulit:
641 1911 750 1978 equites
765 1917 871 1974 autem,

61 1979 186 2031 adventu
202 1979 343 2047 legionum
359 1983 455 2033 animo
464 1982 576 2046 addito,
598 1983 740 2033 eorirersis
751 1982 829 2048 equis
841 1981 872 2034 in

61 2049 208 2112 Numidas,
219 2051 318 2117 cupide
329 2053 509 2118 insequentes
521 2051 724 2118 dispersosque,
735 2053 872 2118 impeturn

61 2119 193 2170 fecerunt
204 2124 287 2188 atque
300 2136 349 2172 eos
359 2121 577 2172 connumeratos
585 2135 674 2188 usque
685 2122 714 2171 in
725 2126 817 2172 eastra
829 2135 873 2172 re·

8 2224 12 2262 q
61 2191 108 2256 gia
120 2190 282 2255 repulerunt
293 2190 449 2257 multosque
461 2192 542 2242 exiis
553 2190 765 2242 interfecerunt.
790 2189 873 2253 Quod

10 2300 15 2309 .
61 2261 90 2309 ni
103 2258 134 2308 in
150 2265 259 2309 noctem
280 2259 516 2326 proelium·esset
538 2260 705 2324 coniectum,
725 2259 872 2328 pulvisque

60 2335 146 2382 rento
159 2328 251 2379 elatus
263 2331 384 2379 omnium
397 2333 548 2397 prospectu
559 2328 710 2394 effecisset,
726 2331 796 2381 iuba
807 2345 871 2381 eum

58 2399 188 2452 liabieno
199 2399 274 2465 eapti
285 2399 312 2449 in
325 2405 491 2465 potestatem
499 2401 783 2464 Caesarisrenissent,
795 2399 870 2467 equi·

56 2474 190 2536 tatusque
203 2484 263 2518 eum
275 2467 331 2519 levi
341 2474 483 2520 arnratura
498 2467 623 2520 funditus
643 2469 679 2520 ad
699 2471 867 2522 internecio·

56 2555 124 2592 nem
140 2538 250 2590 deletus
263 2545 345 2590 essct.
381 2539 498 2590 Interim
519 2537 723 2591 incredibiliter
734 2555 769 2592 ex
779 2539 869 2608 legio-

56 2610 143 2660 nibus
153 2615 253 2676 quarta
264 2614 293 2659 et
303 2617 384 2660 sexta
390 2605 526 2675 Scipionis
532 2608 636 2660 milites
648 2607 795 2677 diffugere,
806 2623 868 2676 par·
957 2651 961 2657 n

56 2680 111 2732 tim
123 2679 151 2728 in
163 2685 256 2730 eastra
267 2679 408 2742 Caesaris,
429 2679 530 2745 partlm
546 2679 575 2729 in
592 2693 660 2748 quas
674 2681 791 2748 quisque
807 2685 867 2746 pct-

57 2749 264 2872 erpqpepqqnses
275 2745 434 2825 pervenires
446 2749 569 2817 itemque
582 2751 689 2874 eqpiqes
697 2749 868 2814 Curioniani,
