2180 3140
181 203 232 260 aio
397 204 608 288 DEB'ELLO
628 207 765 262 ClVlLl

227 310 309 372 xlii.
319 311 361 368 ,ht
372 309 529 376 Pompeius,
539 313 658 379 cognitis
667 313 700 363 iis
711 311 804 376 rebus,
819 327 892 380 quae
903 318 985 366 erant

80 401 83 406 ·
181 383 258 435 Orici
271 387 355 448 utque
364 380 530 447 Apolloniae
545 387 655 448 gestae,
685 381 861 449 Dyrrhachio
872 385 985 446 timeus,

180 452 287 504 diurnis
299 466 332 502 eo
345 452 542 517 nocturnisque
553 453 698 504 itineribus
710 453 863 504 contendit.
896 451 985 504 Simul

180 529 211 576 et
220 523 322 573 Caesar
332 519 555 588 adpropinquare
566 520 721 585 dicebatur,
730 527 881 589 tantusque
891 526 985 572 terror

179 587 280 644 incidit
295 592 355 640 cios
371 592 521 653 exercitui,
550 591 624 658 quod
640 606 792 658 properans
807 596 916 642 noctem
927 591 985 642 diei

179 663 377 722 coniunxerat,
395 675 487 727 neque
498 661 554 711 iter
563 663 767 724 intermiserat,
785 666 817 712 ut
829 675 915 726 paene
927 674 984 710 oro-

178 747 231 783 neo
243 732 273 780 in
283 730 368 795 Epiro
379 727 563 797 finitimisque
580 732 833 798 regionibus—signa
844 730 984 797 relinque·

177 805 258 862 rent,
288 799 445 864 complures
467 814 545 850 arma
560 801 731 866 proiiccrent
743 817 776 851 ac
791 796 874 867 fugae
890 798 983 850 simile

180 873 238 922 iter
249 869 399 919 videretur.
428 866 484 918 Sed
496 885 578 936 quum
589 883 675 936 prope
687 868 895 936 Dyrrhachium
905 868 985 920 Pom·

182 942 261 1006 peius
272 938 601 1007 constitissetcastraque
612 941 712 990 metari
722 940 861 1002 iussisset,
880 943 984 1004 perter-

181 1010 238 1060 rito
252 1009 335 1056 etiam
347 1012 406 1056 tum
418 1008 551 1070 exercitu,
569 1013 697 1075 princeps
706 1009 847 1060 Labienus
857 1007 984 1074 procedit

180 1080 321 1143 iuratque,
331 1090 362 1127 se
372 1091 436 1126 eum
447 1092 503 1128 non
514 1077 689 1130 deserturum
702 1078 984 1145 eumdemquecasum

177 1148 348 1209 ,subiturum
366 1161 566 1214 quemcumque
578 1150 602 1199 ei
613 1148 727 1199 fortuna
736 1149 889 1199 tribuisset.
920 1147 984 1198 Hoc

178 1217 253 1270 idem
264 1215 365 1283 reliqui
379 1217 475 1267 iurant
488 1217 586 1285 legati:
615 1217 665 1270 hos
678 1219 782 1270 tribuni
793 1217 911 1268 militum
922 1231 984 1268 cen·

178 1288 363 1353 turionesque
374 1293 540 1354 sequuntur,
569 1294 650 1356 atque
660 1287 731 1340 idem
744 1289 833 1339 omnis
844 1283 984 1339 exercitus

178 1358 261 1408 iurat.
277 1357 389 1420 Caesar,
399 1366 602 1424 praeoccupato
614 1360 716 1410 itinere
727 1358 761 1409 ad
768 1355 983 1424 Dyrrhachium,

179 1429 264 1480 linem
278 1427 449 1493 properandi
464 1427 533 1478 facit
549 1434 696 1496 castraque
713 1429 748 1480 ad
761 1425 864 1478 llumen
878 1426 982 1492 Apsum

176 1499 260 1565 ponit
270 1499 299 1546 in
314 1499 414 1549 linibus
424 1497 658 1564 Apolloniatium,
688 1504 720 1548 ut
734 1496 982 1564 castellisuvigiliis·

153 1629 158 1632 .
178 1583 232 1634 que
252 1569 323 1619 bene
342 1569 461 1619 meritae
479 1569 608 1620 civitates
628 1573 707 1619 tutae
722 1573 815 1619 essent
829 1566 981 1632 praesidi03

177 1639 273 1704 ibique
289 1637 456 1703 reliquarum
473 1653 507 1688 ex
521 1638 608 1688 ltalia
618 1637 760 1704 legionum
776 1637 926 1687 adventum
937 1649 983 1686 ex·

178 1713 307 1774 spectare
328 1713 358 1758 ct
378 1707 428 1758 sub
447 1707 568 1772 pellibus
587 1706 709 1758 hiemare
730 1706 883 1758 constituit.
919 1705 982 1756 Hoc

177 1776 251 1828 idem
264 1775 413 1842 Pompeius
423 1773 489 1826 iecit
500 1782 542 1838 et,
565 1780 642 1827 trane
655 1775 757 1826 llomen
768 1776 869 1840 Apsum
881 1775 981 1840 positis

179 1846 288 1906 castris,
307 1860 341 1896 eo
352 1845 444 1909 copias
456 1860 553 1896 omnes
564 1845 718 1910 auxiliaque
730 1844 867 1894 conduxit.

178 1961 181 1968 i
230 1914 303 1966 xiv.
323 1913 451 1974 Galenus,
465 1914 622 1982 legionibus
633 1914 827 1982 equitibusque
838 1909 981 1962 Brundisii

177 1985 207 2034 in
223 1998 308 2034 naves
324 1983 476 2048 impositis,
505 1989 537 2034 ut
554 1989 614 2036 erat
630 1987 807 2049 praeceptum
823 1981 980 2043 accesere,

178 2059 313 2120 quantum
328 2053 438 2104 navium
453 2053 615 2104 facultatem
626 2051 764 2115 habebat,
792 2067 877 2103 naves
888 2048 981 2113 solv'it,

177 2123 356 2191 paullumque
372 2137 541 2190 progressus
558 2129 685 2190 aperto,
712 2122 821 2174 litteras
832 2137 849 2172 a
861 2120 981 2172 Caesare

177 2194 294 2260 ¹acccipit,
323 2194 422 2261 quibus
433 2199 476 2244 est
488 2194 592 2246 certior
603 2193 708 2256 factus,
730 2198 829 2260 portus
840 2192 980 2258 litoraque

180 2265 274 2315 onmia
285 2263 418 2315 classibus
429 2263 652 2314 adversariorum
662 2264 763 2316 teneri.
784 2262 845 2324 Quo
856 2261 980 2328 cognito,

177 2349 209 2387 sc
221 2335 249 2384 in
260 2339 371 2400 portum
387 2334 486 2399 recipit
499 2349 636 2400 navesque
653 2348 747 2384 omnes
762 2338 883 2384 revocat.
921 2329 982 2382 Una

180 2417 216 2454 ex
227 2404 275 2466 iis,
296 2419 366 2472 quae
378 2393 579 2470 perseveravit,
599 2403 814 2471 nequeimperio
826 2401 922 2452 Caleni
934 2399 981 2450 ob-

178 2476 354 2537 temperavit,
367 2472 441 2540 quod
452 2480 512 2525 erat
523 2474 582 2524 sine
592 2474 736 2538 militibus,
747 2473 981 2540 privatoquecoa·

177 2541 241 2591 silio
251 2541 508 2606 administrabatur,
529 2542 622 2595 delata
633 2545 744 2595 Oricum
755 2547 839 2609 atque
850 2555 868 2590 a
877 2537 980 2590 Bibulo

178 2616 338 2676 expugnata
347 2617 403 2665 est:
432 2614 478 2678 qui
494 2613 629 2664 deservis
644 2613 794 2680 liberisque
806 2611 933 2662 ominbus
944 2605 981 2658 ad

177 2678 335 2742 impuberes
354 2680 517 2748 supplicium
537 2683 621 2732 sumit
641 2688 670 2734 et
688 2681 722 2732 ad
737 2695 823 2732 unum
838 2678 979 2731 interficit.

176 2745 221 2796 lta
235 2747 334 2812 exiguo
349 2753 474 2816 tempore
489 2765 645 2820 magnoque
660 2767 726 2806 casu
740 2753 831 2806 totius
839 2751 980 2805 exercitus

178 2816 254 2870 salus
264 2817 397 2871 constitit.
