2134 3148
163 227 166 234 r
188 177 242 230 4⁴2
370 177 402 226 A.
420 175 561 228 Hllt'l'll
584 174 640 226 DE
658 172 801 228 BELLO

167 325 170 330 .
188 279 446 352 queNumidar-um3
467 279 824 345 paullispcrcommoratus',
836 279 997 348 perspecta-

187 368 240 421 que
252 357 352 402 natura
362 349 424 411 loci,
440 351 564 416 equitatu
576 351 603 399 in
616 349 738 402 statione
748 350 892 415 disposito,
908 350 997 417 legio·

187 422 270 472 nibus
282 435 351 488 opus
362 421 505 480 adtribuit,
522 417 720 486 brachiumque
732 419 823 470 medio
834 421 902 485 iugo
912 420 949 468 ab
962 435 998 471 eo

187 492 258 554 loco,
270 490 305 542 ad
313 503 394 554 quem
404 496 578 556 pervenerat,
589 504 677 556 usque
689 489 806 551 adeum,
818 489 890 540 undc
902 504 999 556 egres-

187 575 234 612 sus
255 565 327 619 crat,
348 560 427 610 iubet
447 559 530 626 dirigi
549 573 585 609 ac
605 561 714 609 muniri.
750 558 831 620 Quod
848 565 999 624 postquam

188 630 281 696 Scipio
292 631 488 696 Labienusque
500 628 767 690 animadverterunt,
780 629 999 696 requitutuomni

189 715 223 752 ex
236 701 337 752 eastris
349 698 450 750 educto
467 701 581 765 acieque
597 699 722 764 equestri
737 700 888 760 instructa,
908 700 1000 748 asnis

189 769 391 820 munitionibus
403 769 515 819 circiter
527 782 623 833 passus
636 768 700 818 mile
718 767 940 835 progrediuntur
951 783 1000 834 pe-

190 840 368 906 destremque
385 839 491 902 copiam
507 841 534 886 in
552 837 675 888 secunda
694 839 761 899 acie,
784 839 874 888 nrinus
896 850 1000 903 passus

191 910 239 959 CD
251 910 376 959 ecastr-is
388 909 456 969 suis,
469 908 649 958 constituunt.

243 977 371 1029 XXXlX.
385 979 488 1027 Cacsar
498 978 527 1026 in
539 992 623 1044 opere
635 977 736 1028 milites
748 975 894 1028 adhortari
907 991 999 1044 neque

191 1047 415 1098 adversariorum
439 1048 524 1111 copiis
546 1048 660 1097 moveri.
697 1047 787 1108 Quum
803 1049 857 1098 iarn
871 1061 928 1096 ncn
943 1061 1000 1096 anr-

190 1117 263 1185 plins
275 1132 404 1184 passuum
416 1115 473 1167 MD
489 1115 696 1168 interlrostium
709 1118 796 1167 aciem
809 1131 928 1182 suasque
942 1131 1000 1164 rnu-

190 1189 311 1238 nitiones
333 1201 394 1237 esse
415 1186 662 1238 animadvertisset
682 1187 940 1252 iintellcitissetque,
964 1185 999 1235 ad

128 1276 130 1279 ·
189 1257 382 1325 impediendos
404 1256 508 1306 milites
529 1271 595 1306 sucs
612 1262 641 1306 et
656 1257 691 1307 ab
708 1272 792 1323 opere
814 1253 1000 1322 depellendos

191 1327 300 1378 hostem
312 1329 424 1394 propius
436 1325 576 1387 accedere,
593 1333 762 1394 necesseque
773 1324 897 1386 baberet,
909 1325 1000 1394 legio·

190 1413 271 1449 nese
287 1397 487 1448 munitionibus
508 1395 660 1447 deducere:
679 1397 801 1463 imperat
821 1402 931 1445 turmae
947 1395 999 1445 lli·

114 1471 116 1480 ‘
191 1463 352 1534 spanorum,
373 1467 407 1518 ad
431 1466 587 1533 proximum
608 1466 707 1516 collem
730 1480 848 1532 propere
868 1465 1000 1516 adcurre-

191 1544 255 1588 rent
271 1537 496 1605 praesidiumque
511 1534 577 1586 inde
594 1536 778 1587 deturbarent
794 1536 942 1601 locumque
955 1551 999 1586 ea-

190 1603 304 1674 perent;
317 1607 469 1675 eodemque
481 1606 559 1656 iubet
569 1606 638 1656 levis
649 1611 808 1657 armaturae
821 1619 922 1670 paucos
936 1619 1000 1655 con-

190 1677 269 1744 sequi
280 1677 412 1728 subsidio.
441 1677 494 1738 Qui
507 1677 583 1726 missi
596 1676 734 1737 celeriter,
751 1675 885 1728 Numidas
896 1675 1001 1736 adorti,

190 1746 293 1812 partim
314 1749 390 1796 rivos
412 1749 532 1814 capiunt,
556 1746 707 1796 nonnullos
729 1748 835 1814 equites
856 1744 1001 1814 fugientes

190 1815 458 1866 convulneraverunt
469 1815 585 1882 locoque
597 1822 663 1866 sunt
678 1817 769 1884 petiti.
807 1815 959 1882 Postquam
971 1816 1001 1865 id

190 1885 331 1936 Labienus
342 1885 547 1946 animadvertit,
560 1900 613 1950 quo
623 1886 741 1938 celerius
750 1887 785 1937 iis
797 1886 930 1936 auxilium
945 1884 1001 1936 fer-

190 1961 244 2017 ret,
260 1968 294 2006 ex
307 1957 366 2006 acie
377 1955 514 2004 instructa
527 1956 667 2021 equitatus
678 1959 718 2005 sni
732 1971 818 2021 prope
830 1961 919 2006 toturn
932 1954 1001 2006 dcx-

190 2031 265 2076 trum
282 2039 369 2075 cornu
385 2027 485 2076 avertit
501 2029 585 2091 atque
602 2028 659 2076 suis
669 2024 842 2092 fugientibus
853 2026 1002 2092 suppetias

190 2097 233 2146 ire
255 2096 408 2146 contendit.
446 2094 527 2155 Quod
545 2095 590 2145 ubi
604 2096 704 2146 Caesar
721 2098 878 2162 conspexit,
900 2093 1003 2146 Labie·

191 2181 256 2216 num
270 2166 304 2216 ab
316 2166 373 2216 suis
384 2165 469 2230 copiis
488 2164 598 2232 longius
614 2165 670 2216 iam
686 2165 869 2226 abscessisse;
892 2166 1002 2230 equita·

190 2242 237 2286 tus
253 2235 296 2288 sui
314 2235 386 2286 alam
400 2237 544 2286 sinistram
555 2234 590 2284 ad
606 2235 832 2287 intercludendos
842 2233 937 2286 hostes
950 2235 1003 2285 im·

190 2306 274 2357 arisit.
448 2351 452 2357 .

200 2405 203 2422 ,
242 2374 302 2427 XL.
315 2378 384 2429 Erat
394 2376 422 2426 in
436 2375 469 2427 e'o
481 2389 589 2442 campo,
601 2376 647 2427 ubi
660 2389 695 2426 ea
705 2389 751 2427 res
762 2375 920 2442 gerebatur,
932 2373 1004 2424 villa

190 2459 350 2512 permagna,
367 2450 485 2512 quatuor
496 2446 618 2496 turribus
631 2451 784 2508 exstructa,
796 2459 865 2512 quae
878 2443 1003 2495 Labieni

189 2521 366 2579 prospectum
383 2515 565 2580 impediebat,
585 2531 621 2566 ne
632 2520 727 2580 posset
738 2517 858 2565 animum
870 2513 1003 2564 adverte·

189 2596 236 2641 re,
261 2583 295 2632 ab
313 2586 437 2649 equitatu
446 2586 576 2634 Caesaris
588 2599 618 2634 se
635 2584 793 2635 intercludi.
831 2585 928 2650 ltaque
941 2599 1003 2635 nun

188 2651 265 2712 prius
277 2651 346 2700 vidit
357 2657 463 2701 turmas
473 2651 605 2714 lulianus,
627 2667 709 2719 quam
721 2668 786 2703 suos
799 2653 877 2704 caedi
889 2668 907 2703 a
917 2659 1003 2720 tergo

188 2718 283 2766 sensit.
319 2720 361 2768 Ex
372 2733 427 2783 qua
437 2734 467 2769 re
478 2721 569 2771 subito
585 2723 761 2774 interrorem
774 2737 907 2776 converso
920 2724 995 2790 eqni·
