2152 3144
181 173 235 227 tou
364 173 394 224 Α.
413 172 555 226 diluuii
574 173 628 228 uls
646 173 788 226 benno

182 283 275 329 utrum
284 274 355 330 nihil
365 276 473 337 timere,
483 276 622 327 anemnia
635 276 719 328 licere
728 277 833 330 mallet.
853 274 980 332 -smstn

181 347 350 406 vulneribus,
368 345 484 398 arcessit
491 359 599 408 omnes,
616 349 664 412 qui
675 347 727 398 sibi
737 346 870 412 pecunias
879 361 981 412 expen÷

182 432 228 468 sas
243 416 380 477 tulerunt,
400 419 582 482 acceptasque
597 430 644 466 eas
660 417 737 468 iubet
747 415 860 468 referris
879 415 980 483 quibus

181 485 438 554 paruniridebatur
449 485 618 550 imposuisse
635 486 738 547 oneris,
759 486 923 552 enrpliorem
934 497 981 549 pe·

182 555 291 607 cuniam
311 557 437 622 imperat.
475 555 571 621 Aeque
591 560 685 605 antem
705 556 893 606 Romanorum
913 553 982 625 dile·

181 631 256 677 mum
267 626 400 687 instituit,
411 638 501 691 quos,
522 637 558 674 ex
574 625 700 676 oninibus
714 625 891 677 coerentibus
906 622 982 674 eolo·

181 695 290 760 niisqne
301 695 480 760 conscriptos,
504 695 689 744 transmarina
699 695 797 745 militia
806 694 983 760 perterritos,

180 761 219 824 n'd¹
228 765 393 815 sacramenti
407 763 610 818 redemtionem
624 765 748 815 vocabat.
784 764 917 831 Magnum
928 760 983 813 boe

180 835 236 886 mit
244 833 379 900 vectigal,
400 834 596 896 maiestatem
612 834 725 884 creabat
737 833 850 884 odium·
876 833 928 884 His
938 846 981 884 re·

179 904 232 954 bus
244 903 392 964 conlectis,
411 903 671 953 totumexereitum
686 903 794 954 lustrat.
830 902 982 976 Legiones,

180 987 248 1040 ques
262 973 291 1020 in
306 971 426 1022 Africam
443 971 576 1022 duebrrus
590 977 672 1034 erat,
686 977 715 1022 et
729 973 833 1024 auxilia
848 973 934 1024 mittit
944 970 982 1021 ed

178 1042 340 1094 traiectum:
357 1041 432 1106 ipse,
447 1041 570 1102 classem,
590 1054 670 1107 quam
683 1043 807 1108 parabat,
823 1048 855 1092 ut
865 1042 983 1109 inspice·

179 1117 246 1173 ret,
263 1110 401 1176 Hispalim
421 1109 528 1162 accedit
548 1110 642 1176 ibique
662 1117 803 1175 moretur3
833 1116 983 1178 propterea

179 1179 459 1250 quodedictum'tote
470 1179 610 1246 provincia
620 1188 813 1246 proposuerat,
829 1188 868 1244 ut,
897 1182 982 1232 nibus

177 1251 311 1319 pecunias
324 1251 500 1316 imperasset,
512 1263 602 1316 neqne
613 1250 806 1314 eontulissent,
818 1266 848 1303 se
859 1197 982 1302 adirent.

178 1321 257 1384 Quae
268 1321 393 1372 evocatio
405 1318 582 1370 vehementer
593 1333 689 1370 omnes
700 1321 830 1372 turbavit.
969 1375 972 1382 ,

231 1387 321 1443 Lvte
336 1389 450 1442 Interim
460 1389 493 1440 Β.
503 1389 603 1450 Titius,
613 1389 659 1456 qui
670 1404 704 1441 eo
715 1395 841 1458 tempore
850 1389 982 1442 tribunus

179 1460 299 1510 militum
314 1459 342 1508 in
358 1459 469 1526 legione
484 1458 633 1510 vernacule
647 1457 754 1523 iuerat,
773 1461 886 1511 nunciat
897 1457 984 1520 fama,

179 1529 319 1598 legionem
330 1529 510 1592 tricesimam,
521 1543 602 1595 quam
614 1527 647 1590 Q.
659 1529 768 1581 Cassius
779 1530 888 1598 legatus
897 1529 984 1580 simul

179 1599 307 1660 ducebat,
329 1613 412 1665 quum
429 1598 464 1650 ed
481 1598 611 1666 oppidum
626 1597 735 1664 Leptim
750 1607 842 1650 eastra
856 1597 985 1662 haberat,

178 1669 319 1721 seditione
330 1667 413 1730 facte,
425 1669 633 1730 centurionibus
644 1668 751 1735 aliquot
763 1670 868 1732 oeeisis,
887 1669 935 1735 qui
944 1669 984 1720 si·

178 1737 306 1805 gnetolli
316 1752 370 1787 non
382 1738 569 1804 patiebantur,
579 1737 738 1789 discessisse
750 1744 777 1790 et
787 1738 821 1788 ad
831 1737 983 1790 secundam

177 1807 320 1874 legionem
336 1807 528 1873 contendisse,
550 1821 623 1874 qnae
639 1806 675 1857 ad
689 1805 792 1858 fretum
807 1807 862 1858 alio
877 1809 983 1860 itinere

178 1877 339 1928 ducebatur.
368 1877 546 1944 ffcognitare,
560 1879 646 1938 rioetu
656 1890 716 1927 cum
728 1875 849 1944 quinque
859 1875 984 1928 cohorti-

176 1945 233 1998 bus
250 1947 551 1998 unetvicesimnnorum
572 1945 724 2014 egreditur,
745 1960 825 1997 mmrc
843 1948 983 2012 pervenit.

152 2062 154 2065 .
176 2017 219 2070 ibi
231 2031 294 2068 oum
304 2015 388 2078 diem,
404 2021 444 2079 ut,
458 2014 525 2083 qnid
536 2022 677 2084 ageretur,
692 2015 873 2082 perspiceret,
889 2029 984 2080 mora-
1068 2039 1069 2044 ¹

176 2092 233 2148 tus,
243 2086 408 2136 Garumnam
421 2085 573 2136 contendit.
608 2087 762 2152 llic‚quum
773 2085 849 2153 legio
859 2085 940 2137 XXX
951 2093 984 2138 et

177 2157 245 2209 XXl
255 2160 286 2206 et
297 2151 426 2208 cohortes
437 2158 557 2222 quatuor
569 2169 604 2208 ex
615 2157 713 2224 quinta
722 2155 835 2222 legione
845 2159 982 2223 totusque

127 2289 129 2294 ι
177 2226 355 2278 convenisset
373 2223 528 2291 equitatus,
540 2224 639 2290 audit,
659 2231 778 2294 quatuor
798 2222 941 2289 cohortes,
962 2239 984 2277 a

178 2293 334 2348 vernaculis
345 2301 491 2360 oppressas
502 2295 772 2359 adObuculanr,cnm
784 2293 826 2346 bis
836 2294 872 2346 ad
882 2308 983 2346 seeun-

178 2365 241 2416 dam
251 2363 412 2433 pervenisse
427 2363 580 2432 legionem,
601 2381 751 2434 omnesque
765 2363 804 2418 ibi
818 2380 849 2416 se
865 2365 983 2416 coniun-

133 2471 135 2475 -
178 2437 256 2486 sisse
273 2439 301 2485 et
316 2434 349 2484 Τ.
367 2432 504 2486 Thorium
520 2435 695 2488 Italicensem
713 2436 812 2487 ducem
826 2433 982 2502 delegisse.

179 2503 317 2554 Celeriter
327 2499 421 2554 habito
433 2505 552 2556 consilio
559 2541 568 2567 ‚
587 2505 751 2558 Marcellum
763 2503 929 2565 Cordubam,
947 2509 984 2555 ut

179 2585 240 2620 enm
250 2573 280 2628 in
291 2577 430 2643 potestate
441 2573 587 2634 retineret,
599 2574 632 2636 Q.
642 2575 767 2626 Cassium
779 2574 903 2640 legatum
915 2573 982 2623 liis-

178 2638 371 2704 polim-mittit.
408 2640 507 2694 Paucis
519 2645 545 2694 ei
557 2642 656 2694 diebus
668 2643 802 2704 adfertur,
814 2649 981 2694 conventum

178 2707 385 2758 cordubensem
408 2709 443 2762 ab
464 2719 498 2763 eo
519 2711 666 2777 deiecisse,
688 2713 909 2782 Marcellumque
929 2715 985 2763 aut
