2152 3132
293 179 297 188 '
391 171 598 228 LlllEllV.
656 175 662 188 “
847 173 897 230 10³

90 285 165 332 rant.
201 278 275 330 lluic
286 280 401 344 Casum,
422 295 473 348 pro
489 281 549 332 eius
559 281 664 332 virtute
674 287 757 348 atque
768 281 797 331 in
809 295 840 332 se
850 282 897 334 be·

90 349 254 411 nirolentia,
265 349 339 416 quotl
351 352 378 400 in
391 351 519 401 omnibus
530 351 611 402 bellis
622 351 755 418 singulari
768 353 898 417 eiusope-

89 435 125 472 ra
135 419 231 471 fuerat
241 435 315 481 usus,
327 421 461 472 maiorum
473 420 564 470 locum
575 421 746 470 restituerat
768 421 898 472 'l'ertium

88 492 148 541 iarn
166 487 240 540 hunc
254 504 356 539 annum
371 496 534 556 regnantem
550 491 666 551 inimici,
696 489 789 554 palam
800 490 897 542 multis
946 535 951 550 ,

88 562 178 612 etiarn
190 573 225 610 ex
236 561 347 611 civitate
358 560 527 622 auctoribus,
538 575 602 610 eum
612 558 823 610 interfecerunt.
843 560 901 611 De·
941 565 950 582 ⁸

88 627 185 681 fertur
201 643 234 680 ea
249 644 295 680 res
311 629 347 679 ad
363 630 521 680 caesarem.
557 628 610 682 llle
625 630 744 690 veritus,
770 629 844 697 quud
860 629 899 682 atl

89 699 188 766 plures
199 699 368 765 pertinebat,
400 714 435 750 ne
447 700 544 750 civitas
555 713 652 750 eorum
665 699 785 763 impulsu
798 699 898 750 delice-

88 773 151 830 ret,
184 767 217 819 L.
229 767 360 820 Plancum
373 783 435 819 eum
447 768 559 836 legione
571 783 606 820 ex
616 766 715 835 Belgio
727 768 857 820 celeriter
868 769 898 820 in

91 838 231 889 Carnutes
241 839 375 904 proticisci
387 839 464 890 iubet
474 837 711 906 ibiquehiemare3
723 853 898 906 quorumque

90 923 180 976 opera
191 910 353 975 cognoverit
364 909 527 975 Tasgetium
540 907 730 970 intersectum,
760 906 812 958 hos
823 922 897 959 com·

13 989 17 996 ·
91 976 246 1046 prehensos
257 977 293 1028 ad
304 993 334 1029 se
346 979 466 1029 mittere.
486 979 599 1029 Interim
612 978 647 1029 ab
658 979 784 1028 omnibus
794 978 900 1046 legatis
936 1029 940 1038 ,

91 1048 351 1116 quaestoribusque,
373 1047 473 1114 quibus
484 1047 608 1115 legiones
619 1047 817 1111 transdiderat,
840 1063 898 1099 cer·

92 1119 151 1168 tior
162 1116 253 1167 lactus
265 1123 321 1180 est,
353 1117 381 1166 in
393 1115 509 1170 hiberna
523 1125 687 1185 perventum
698 1117 845 1186 locumque
857 1117 898 1169 ni·

91 1187 187 1239 bernis
200 1202 261 1238 esse
273 1187 417 1238 niunitutn.

146 1256 247 1308 xxvi.
265 1257 371 1307 Diebus
393 1257 504 1308 circiter
521 1255 588 1320 XV,
608 1258 707 1326 quibus
728 1258 756 1306 in
778 1255 897 1310 hiberna

93 1333 205 1377 rentum
218 1331 275 1388 est,
301 1327 410 1376 initium
423 1328 562 1392 repentini
573 1329 709 1378 tumultus
720 1342 753 1377 uc
765 1326 898 1376 delectio·

92 1399 137 1447 nis
150 1401 240 1446 ortum
252 1400 296 1446 est
310 1397 345 1447 ab
356 1396 514 1465 Ambiorige
527 1403 555 1448 et
570 1397 724 1448 Catirolcor
754 1397 800 1463 qui
812 1411 898 1463 quum

92 1466 130 1519 ad
142 1467 211 1517 lines
223 1467 299 1533 regni
311 1468 353 1516 sui
369 1463 471 1518 Sabino
484 1469 638 1533 Cottaeque
654 1471 767 1531 praesto
780 1465 898 1515 luissent

93 1536 320 1602 frumentumque
330 1537 358 1586 in
368 1533 485 1587 hiberna
496 1537 756 1603 comportarissent,
775 1535 898 1586 indutio·

93 1607 166 1656 mari
188 1606 298 1657 Treviri
317 1607 424 1657 nunciis
444 1605 569 1674 impulsi,
599 1619 663 1656 suos
684 1606 899 1667 concitaverunt,

92 1676 241 1742 subitoque
258 1677 398 1741 oppressis
413 1674 616 1743 lignatoribus,
645 1689 745 1742 magna
761 1690 843 1726 manu
855 1690 900 1725 ca·

93 1749 156 1795 stra
170 1751 360 1812 oppugnatum
375 1751 521 1797 uenerunt.
557 1747 648 1808 Quum
665 1745 794 1796 celeriter
809 1744 900 1796 nostri

94 1829 174 1866 arma
185 1817 324 1880 cepissent
334 1815 491 1882 vallumque
503 1815 712 1867 adscendissent
722 1822 819 1882 atque,
843 1829 900 1866 una

94 1889 217 1949 exparte
228 1885 361 1950 Hispanis
372 1887 512 1954 equitibus
525 1887 642 1950 emissis,
657 1888 781 1954 equestri
792 1885 900 1952 proelio

94 1955 253 2022 superiores
268 1953 400 2018 luissent,
429 1957 577 2022 desperata
588 1971 631 2018 re,
661 1954 758 2007 hostes
768 1957 803 2006 ab
816 1971 901 2022 oppu-

95 2026 229 2090 gnatione
245 2039 311 2076 suos
327 2025 510 2078 reduxerunt.
547 2026 618 2077 Turn
635 2040 685 2077 suo
701 2040 780 2078 more
791 2026 902 2077 concla-

96 2099 252 2155 maverunt,
272 2096 313 2144 uti
326 2094 413 2162 aliqui
425 2109 459 2147 ex
471 2097 573 2147 nostris
584 2096 619 2147 ad
630 2094 796 2164 colloquium
810 2095 904 2162 prodis

95 2169 175 2228 rent3
202 2161 305 2215 habere
316 2179 393 2226 sese,
419 2179 489 2233 quae
501 2165 535 2216 de
547 2180 578 2216 re
590 2168 727 2217 communi
741 2166 834 2216 dicere
844 2163 902 2214 vel-

96 2234 169 2296 lent,
198 2234 299 2302 quibus
314 2235 398 2286 rebus
414 2236 620 2288 controversias
641 2237 727 2286 minui
744 2249 826 2302 posse
842 2248 902 2302 spe·

97 2309 202 2356 rarent.

148 2362 263 2424 XXVll.
283 2373 410 2424 Mittitur
421 2374 456 2426 ad
469 2388 517 2425 eos
528 2373 704 2440 colloquendi
716 2371 903 2422 euussuC.Ar·

230 2441 902 2510 rt

95 2527 587 2652 sqqriqusaqansbqqqqgeqqrvengmqoe
602 2586 797 2643 consueveram
829 2577 903 2649 apud

95 2667 165 2773 qpos
176 2653 318 2734 Ambiorix
330 2655 358 2704 in
371 2653 444 2737 bunc
455 2652 568 2734 modum
580 2651 690 2732 locutus
702 2657 758 2704 est:
780 2649 841 2734 §ere
851 2663 904 2718 pro

122 2737 226 2776 aerem
237 2739 267 2776 tn
278 2737 305 2775 re
317 2721 453 2796 beneficus
466 2723 617 2792 plornnom
628 2737 653 2774 er
664 2719 790 2794 confitere
801 2717 907 2785 deleres
