2150 3124
169 159 205 210 80
376 155 432 208 DE
453 153 593 211 Baubo
616 153 801 208 calanco

169 257 344 326 magnitudo,
364 263 592 325 nequequaeaut
620 263 722 310 uantae
732 259 857 310 nationes
867 257 971 310 incole·

169 335 241 392 rent,
252 343 341 395 neque
351 342 433 395 quem
444 341 522 378 risum
533 274 627 384 belliq»

170 400 276 450 stitutis
290 403 447 458 uterentur,
469 412 558 464 neque
574 398 620 465 qui
632 404 724 450 essent
734 397 769 448 ad
779 399 913 449 maiorum
925 411 972 452 na·

170 470 243 520 vium
255 467 459 517 multitudinem
471 466 563 518 idonei
574 472 682 533 portus,
693 469 815 534 reperire
825 471 945 533 poterat.

221 537 295 588 xxi.
331 535 372 586 Ad
392 532 460 586 haec
473 537 675 604 cognoscenda,
695 537 852 605 priusquam
865 538 972 604 pericu·

170 606 228 657 lunr
241 605 366 667 iaceret,
374 604 503 656 idoneum
515 621 576 657 csso
587 607 738 658 arbitratus
748 608 777 658 C.
790 605 972 666 Volusenum,

172 691 234 728 eum
248 675 310 726 navi
324 674 409 742 longa
424 675 585 741 praemittit
621 677 694 726 Huic
710 676 834 738 mandat,
852 676 909 744 uti,
928 688 974 725 ex·

171 745 288 813 ploratis
299 743 531 806 omnibusrebus,
545 745 580 796 ad
591 759 620 796 se
630 760 712 813 quam
723 745 840 810 primum
852 750 973 796 reverta·

171 822 232 866 tur:
251 817 310 881 ipse
325 828 386 864 cum
403 815 528 864 omnibus
541 815 628 880 copiis
642 817 670 864 in
684 816 811 866 Morinos
826 814 974 880 proticisci·

172 891 232 947 tur,
253 883 326 950 quod
335 881 398 933 inde
410 888 470 932 erat
477 882 655 933 brevissimus
666 885 693 934 in
704 884 876 934 Britanniam
886 889 974 934 trans·

173 955 269 1004 iectus.
294 951 357 1002 Huc
368 961 450 1002 naves
461 951 580 1018 undique
592 967 626 1002 ex
637 952 759 1022 finitimis
769 953 927 1018 regionibus
939 957 977 1012 et,

153 1051 155 1056 ·
173 1037 256 1090 quam
276 1021 419 1086 superiore
436 1025 543 1071 aestate
559 1020 594 1071 ad
608 1021 772 1073 Veneticum
787 1020 887 1072 belluni
906 1019 977 1070 fece·

153 1109 156 1114 ¹
172 1097 231 1152 rat,
250 1090 365 1140 classem
375 1089 452 1140 iubet
462 1092 618 1141 convenire.
653 1090 780 1152 interim,
791 1088 905 1139 consilio
917 1089 976 1139 eius

151 1171 154 1180 ⁴
174 1161 284 1227 cognito
306 1164 335 1210 et
354 1172 406 1226 per
420 1164 589 1211 mercatores
603 1159 710 1225 perlato
727 1159 768 1212 ad,
776 1159 938 1219 Britannos,
959 1171 977 1207 a

174 1227 361 1294 compluribus
382 1228 439 1280 eius
460 1226 567 1280 insulae
587 1230 743 1280 civitatibus
761 1226 794 1278 ad
810 1243 874 1278 eum
888 1226 978 1293 legati

174 1299 301 1361 veniunt,
321 1299 368 1365 qui
378 1297 562 1365 polliceantur
573 1297 680 1349 obsides
692 1297 757 1349 dare
768 1302 850 1364 atque
860 1297 977 1363 imperio

174 1369 269 1437 populi
279 1367 395 1419 Romani
410 1367 610 1434 obtemperare.
647 1367 753 1431 Quibus
768 1365 868 1418 auditis
879 1365 979 1416 libera·

174 1439 241 1491 liter
258 1437 397 1504 pollicitus
412 1435 609 1505 hortatusque,
628 1443 660 1488 ut
674 1439 703 1488 in
718 1451 751 1488 ea
765 1437 904 1489 sententia
918 1450 980 1502 per·

174 1513 332 1568 manerent,
342 1513 390 1558 eo's
401 1505 511 1557 domum
521 1507 651 1570 remittit3
671 1511 698 1560 et
709 1522 769 1557 cum
780 1504 823 1556 his
833 1521 888 1556 una
899 1505 979 1555 Corn·
1058 1565 1059 1572 ἵ

173 1578 273 1638 eninm,
293 1591 374 1643 quem
385 1578 457 1642 ipse,
475 1577 653 1629 Atrebatibus
664 1579 815 1642 superatis,
835 1590 928 1643 regem
939 1573 978 1631 ibi
1058 1581 1059 1586 ’

176 1649 451 1708 constituerat,cuius
462 1650 491 1696 et
500 1646 630 1697 virtutem
642 1651 669 1697 et
680 1647 822 1698 consilium
835 1641 979 1711 probabat,

159 1777 162 1782 .
176 1722 295 1781 atquem
308 1716 358 1764 sibi
370 1714 480 1766 lidelem
490 1714 694 1778 arbitrabatur,
716 1716 848 1783 cuiusque
859 1713 978 1764 auctori-

176 1790 219 1834 tas
233 1787 261 1833 in
272 1784 305 1832 iis
316 1784 475 1848 regionibus
485 1785 578 1850 magni
589 1783 756 1846 habebatur,
776 1785 870 1834 mittit.
906 1782 980 1832 lluir

176 1854 306 1918 imperat,
321 1867 390 1919 quae
400 1855 500 1918 possit,
517 1853 598 1904 adeat
609 1854 734 1904 civitates
745 1852 939 1919 horteturque,
949 1856 981 1901 ut

630 329 754 390 aberent,
765 334 813 380 aut
823 329 921 396 quibus
932 329 972 378 in·
1058 379 1060 400 ἐ

176 1919 269 1988 populi
279 1920 396 1970 Romani
411 1921 493 1972 iidem
509 1928 675 1988 sequantur3
700 1937 786 1989 seque
801 1922 930 1973 celeriter
946 1935 980 1972 eo
1058 1969 1059 1972 ,

175 1995 321 2042 venturum
341 1991 464 2041 nunciet.
500 1990 674 2054 Volusenus,
687 1993 844 2060 perspectis
862 1992 982 2059 regioni-

160 2081 162 2084 ·
175 2061 241 2122 bus,
257 2063 389 2126 quantum
401 2060 425 2110 ei
438 2058 578 2110 facultatis
589 2059 648 2112 dari
660 2063 763 2130 potuit,
774 2064 820 2128 qui
830 2063 893 2112 navi
904 2075 982 2127 egre·
1058 2067 1059 2095 ³

176 2130 204 2181 di
216 2143 288 2180 acse
299 2127 425 2179 barbaris
437 2131 609 2180 committere
620 2145 673 2181 non
685 2131 814 2194 auderet,
829 2133 926 2198 quinto
937 2129 982 2182 die
995 2165 998 2174 ‚

176 2200 212 2250 ad
233 2201 380 2250 Caesarem
398 2199 561 2264 revertitur3
586 2215 712 2269 quaeque
730 2200 768 2252 ibi
787 2201 982 2268 perspexisset,

175 2269 328 2322 renunciat.
721 2279 724 2286 ’

227 2337 315 2388 xxii.
350 2335 424 2388 Dum
436 2338 464 2387 in
475 2335 518 2388 his
528 2335 601 2394 locis
612 2339 716 2391 Caesar
725 2338 837 2391 uarium
847 2338 983 2406 paranda·

164 2427 168 2432 ·
180 2423 240 2460 rum
252 2421 352 2458 mussa
360 2411 500 2470 moratur,
520 2421 555 2458 ex
563 2421 663 2476 magna
672 2413 751 2477 parte
761 2410 935 2462 Morinorum
947 2409 983 2460 ad

178 2493 242 2529 eum
258 2476 345 2543 legati
360 2481 509 2540 reuerent,
529 2478 575 2544 qui
590 2492 620 2528 se
635 2478 669 2531 de
687 2480 837 2547 superioris
848 2479 984 2545 temporis

179 2546 296 2598 consilio
308 2551 483 2608 excusarent,
494 2547 567 2614 quod
579 2543 702 2600 homines
712 2549 820 2600 barbari
831 2554 860 2600 et
869 2554 981 2599 nostrae

179 2614 386 2667 consuetudinis
401 2615 520 2682 imperiti
535 2615 639 2668 bellum
654 2618 756 2685 populo
768 2616 891 2670 Romane
903 2616 982 2668 iecis-

180 2688 253 2745 sent,
264 2697 348 2752 seque
357 2698 403 2746 ea,
414 2699 484 2753 quae
495 2686 673 2754 imperasset,
685 2688 807 2744 facturos
817 2687 980 2757 polliceren-
