2150 3124
372 221 525 281 ΗΠΒ
551 225 575 280 1.
687 237 692 246 '
858 223 876 280 2

64 331 219 395 libusuam
239 330 399 386 continetur
413 328 555 382 Garumna
566 327 693 392 flumine,
712 330 835 392 Oceano,
845 332 876 387 ti·

63 405 145 456 nibus
159 401 327 468 Belgarum
346 399 466 466 adtingit
483 400 567 452 etiam
578 400 612 452 ab
623 399 758 468 Sequanis
769 405 799 451 et
808 399 876 452 ilel-

63 475 148 526 uetiis
158 469 413 533 flumenlllreuum3
426 471 516 536 uergit
526 469 561 520 ad
571 471 793 536 septemtriones.
813 469 876 523 Bel·

64 557 118 610 gae
133 541 169 594 ab
184 541 317 594 extremis
332 538 442 593 Galliae
456 539 562 591 tinibus¹
571 539 715 602 oriuntur3
733 543 884 607 pertinent·

65 612 102 663 ad
121 610 286 662 inferiorem
306 615 414 676 partem
433 607 553 660 lluminis
572 607 677 670 Rhana
701 610 875 675 spectantia

65 682 283 748 septemtriones
298 684 327 730 et
340 680 477 730 orientem
491 677 589 729 solem.
622 676 771 746 Aquitania
790 693 807 730 a
822 677 875 732 Ga·

65 765 169 803 rumna
180 747 298 817 flumine
313 748 349 801 ad
359 747 519 814 Pyrenaeos
533 751 642 799 montes
653 751 681 798 et
696 762 756 800 eam
767 754 876 814 partem

68 819 188 880 Oceani,
198 833 267 886 quae
278 823 321 870 est
330 818 366 870 ad
376 817 553 883 Hispaniam,
563 817 699 884 pertinen
718 823 827 886 spectat
836 819 876 870 in·

67 895 111 943 ter
124 901 254 939 occasum
265 887 333 939 solis
343 893 372 938 et
381 889 603 954 septemtriones.

86 1001 88 1006 .
120 957 158 1010 ll.
193 957 274 1023 Apud
284 957 429 1010 Helvetios
439 955 523 1024 longe
534 955 718 1008 nobilissimus
735 963 765 1010 et
775 957 878 1010 ditissi-

67 1043 131 1080 mus
143 1026 199 1077 fuit
208 1028 364 1094 Orgetorix.
384 1028 411 1079 Is
423 1027 463 1078 M.
473 1026 597 1078 Messala
606 1033 635 1078 et
643 1027 683 1079 M.
692 1026 792 1079 Pisone
800 1028 878 1080 Coss.

66 1098 147 1165 regni
163 1096 316 1163 cupiditate
325 1095 469 1159 inductus,
490 1097 708 1148 coniurationem
722 1097 878 1150 nobilitatis

68 1167 137 1219 feeit
146 1172 176 1218 et
186 1166 293 1218 civitati
304 1168 450 1232 persuasit,
455 1171 488 1217 ut
498 1166 532 1218 de
542 1167 643 1218 linibus
653 1167 710 1218 suis
721 1182 781 1218 cum
790 1169 877 1226 ouini·

67 1237 119 1290 bus
131 1238 218 1303 copiis
228 1237 352 1288 exirent:
367 1233 500 1302 perfacile
511 1251 671 1303 coaequum
681 1237 879 1289 virtuteomni·

68 1307 121 1358 bus
130 1311 317 1372 praestarent,
327 1307 414 1356 totius
425 1304 533 1358 Galliae
544 1307 658 1372 imperio
670 1307 763 1372 potiri.
782 1306 815 1358 ld
825 1304 878 1357 ltoc

68 1375 181 1428 facilius
192 1377 232 1428 cis
241 1377 392 1442 persuasit,
412 1375 490 1443 quod·
502 1376 623 1443 undique
636 1374 688 1426 loci
699 1383 800 1428 natura
810 1369 878 1426 Hel·
906 1396 917 1416 ·

68 1447 136 1498 vetii
147 1448 339 1501 continentur:
359 1459 415 1495 una
427 1459 462 1496 ex
472 1451 552 1512 parte
561 1444 674 1496 llumine
684 1443 790 1508 Rheno,
801 1445 877 1496 latis·

68 1517 141 1567 simo
153 1521 238 1581 atque
248 1514 394 1578 altissimo,
403 1517 451 1582 qui
461 1523 560 1582 'agrum
570 1513 729 1566 Helvetium
741 1513 878 1566 aGerma-

67 1587 112 1636 nis
123 1585 238 1646 divisim
254 1584 344 1636 altera
353 1599 388 1636 ex
399 1589 478 1650 parte
489 1589 584 1635 monte
592 1583 659 1634 lura
668 1582 818 1645 altissimo,
829 1585 877 1651 qui

68 1660 112 1708 est
122 1656 201 1704 inter
211 1651 352 1722 Sequanos
363 1659 392 1706 et
402 1648 572 1718 Helvetios}
584 1653 669 1706 tertia
683 1653 745 1704 lacu
759 1652 877 1704 Leman-

67 1739 104 1776 no
115 1723 270 1776 etilumine
285 1721 435 1788 Rhodano,
456 1725 502 1791 qui
518 1724 688 1790 prouinciam
704 1728 825 1774 incanam
842 1721 876 1774 ab

67 1793 208 1847 llclretiis
219 1791 324 1845 dividit
359 1793 412 1844 llis
422 1793 505 1846 rebus
515 1793 613 1857 tiebat,
633 1797 666 1846 ut
680 1799 709 1846 et
719 1793 877 1846 minuslate

68 1869 253 1932 vagarentur,
274 1869 304 1915 et
316 1863 407 1914 minus
422 1862 505 1914 facile
518 1863 643 1926 finitimis
657 1863 762 1916 bellum
771 1863 887 1916 inferre

68 1939 198 2002 possent:
230 1933 345 2000 qua'dc
366 1949 464 1986 caussa
489 1931 614 1985 homines
638 1933 760 1984 bellandi
786 1933 877 2000 cupidi

69 2017 171 2072 magno
184 2001 283 2054 dolore
293 2002 501 2055 adliciebantur.
528 2002 582 2054 Pro
594 2002 771 2054 multitudine
783 2009 876 2054 autem

68 2071 226 2136 bantinum,
245 2077 275 2124 et
285 2086 336 2138 pro
346 2073 437 2139 gloria
447 2072 513 2124 belli
524 2078 608 2140 atque
623 2071 808 2135 fortitudinis,
830 2089 877 2123 an-

72 2149 167 2209 gustos
182 2157 214 2208 se
228 2142 292 2192 finis
303 2140 405 2194 habere
416 2141 635 2205 arbitrabantur,
657 2144 703 2210 qui
718 2145 746 2193 in
757 2141 878 2209 longitu-

2 2275 5 2286 y
72 2213 163 2264 clinem
172 2211 251 2263 milia
260 2225 393 2278 pmsuum
403 2211 511 2278 CCXL,
525 2207 740 2266 inlatitudinem
752 2210 878 2265 CLXXX

70 2283 213 2348 patebant.

118 2351 171 2404 lll.
199 2351 252 2402 llis
261 2350 345 2402 rebus
357 2351 476 2414 adducti,
488 2356 516 2403 et
526 2353 693 2404 auctoritate
704 2349 878 2418 Orgetorigis

69 2421 206 2488 permoti,
220 2420 440 2484 constituerunt,
455 2435 503 2483 ea,
520 2435 591 2489 quae
602 2422 637 2473 ad
649 2418 878 2488 proficiscendum

69 2491 257 2558 pertinerent,
278 2504 454 2558 comparare;
478 2491 665 2556 iumentorum
685 2496 714 2541 et
732 2503 876 2540 carrorum

70 2576 152 2631 quam
163 2562 315 2612 maximum
326 2575 471 2613 numerum
483 2575 624 2624 coemerc3
644 2564 782 2612 sementes
794 2573 874 2628 quam

1 2623 2 2704 J
69 2629 322 2694 maximianam,
341 2632 417 2681 utin
432 2631 533 2682 itinere
547 2632 626 2696 copia
637 2627 768 2681 frumenti
778 2644 879 2696 suppo.

69 2705 153 2766 teret3
175 2715 240 2752 curn
254 2701 389 2769 proximis
407 2701 565 2761 civitatibus
575 2714 671 2766 pacem
684 2705 713 2751 et
726 2700 875 2750 amicitiam

1 2767 2 2778 ¹
71 2771 247 2828 semenare.
280 2769 322 2826 Ad
337 2783 385 2826 eas
399 2783 445 2828 res
460 2768 802 2895 ⁰⁰“flit'i31dff2ffitfflum
823 2766 878 2820 sibi
