2134 3148
203 131 256 186 sss
392 136 424 185 s.
442 112 660 188 ururrr'us
680 133 821 185 arcuo

203 241 347 292 Labienus
367 238 515 291 consiliaro
534 245 648 305 ceperat
662 246 699 300 et,
719 254 775 306 quo
794 239 927 305 propiore
948 237 1014 292 loco

154 365 157 372 ,
203 310 307 372 suerat,
321 323 354 363 eo
367 309 485 360 celerius
498 317 667 361 occurrerat.

206 413 209 420 -
256 381 288 440 b.
306 381 376 432 Erat
384 378 527 441 convallis,
547 381 617 430 satis
628 395 730 448 niagno
739 379 899 442 latitudine,
917 379 1015 432 altitu·

203 450 268 500 diue
287 453 447 515 praerupta,
466 449 571 499 crebris
591 449 661 500 locis
681 449 831 516 speluncae
849 450 878 498 in
896 449 1014 500 moduni

176 579 179 582 ¹
204 520 336 582 subrutis,
358 533 428 585 quae
449 524 531 568 crant
551 519 784 588 transgredienda
802 519 918 570 Caesari
937 528 1016 582 ante,

205 603 285 655 quarn
297 589 333 639 ad
344 604 406 640 euni
417 587 528 649 collem,
549 605 630 656 quens
640 604 742 655 capere
752 589 873 650 volebat,
885 591 1015 654 perveni·

204 666 296 721 retur3
314 658 443 724 ultraque
454 673 517 708 enm
527 659 680 710 convallem
695 659 826 710 olirctuur
837 664 934 719 retus,
956 675 1014 710 cre·

205 728 263 780 bris
289 729 436 779 arboribus
461 726 641 779 condensum.
671 727 744 780 llic
764 743 847 795 quurn
870 728 1015 780 Labienus

205 798 456 857 animadvertisset,
477 799 635 860 Gaesarem,
655 799 680 848 si
690 798 778 848 vellet
788 813 851 848 eum
864 797 958 850 locum
971 817 1016 850 oc·
1051 811 1052 816 ’

206 881 318 934 cupere,
339 869 417 932 prius
437 883 552 918 necesse
568 882 630 918 esse
650 867 802 920 conuallem
820 867 1016 936 olivetuorquc

203 936 380 1004 transgredi,
403 951 499 988 eoruru
512 936 645 987 ‚locurum
665 939 773 1004 peritos
784 937 813 986 iu
824 937 935 989 insidiis
951 955 1015 990 curu

205 1013 286 1074 parte
297 1009 437 1072 equitatus
452 1007 561 1072 levique
577 1015 721 1058 armatura
735 1006 872 1058 consedit:
893 1015 923 1058 et
935 1023 1015 1074 prae-

205 1085 285 1128 terea
301 1083 364 1142 post
377 1082 499 1127 montem
515 1076 656 1144 collesque
668 1079 775 1144 equites
790 1077 819 1126 in
831 1077 943 1129 occulto
955 1079 1014 1130 col-

206 1148 358 1209 locaverat,
377 1152 418 1209 ut,
438 1161 521 1213 quum
541 1147 602 1212 ipsc
618 1163 651 1197 ex
665 1148 815 1212 improviso
837 1146 1014 1212 legionarios

207 1218 323 1270 adortus
335 1221 420 1278 esset,
432 1230 466 1266 ex
477 1214 549 1266 colle
561 1232 592 1267 se
604 1219 746 1284 equitatus
758 1215 922 1268 ostenderet
933 1227 971 1278 ct,
983 1233 1013 1270 re
1051 1209 1052 1220 ¹

206 1288 308 1354 duplici
324 1287 503 1352 perturbatus
515 1287 618 1336 Caesar
634 1289 749 1353 eiusque
760 1287 911 1348 exereitus,
923 1303 1014 1354 neque

206 1364 284 1410 retro
294 1355 482 1424 regrediundi‚
501 1371 588 1422 neque
601 1355 678 1408 ultra
687 1355 855 1421 procedendi
867 1357 963 1407 oblata
974 1358 1014 1407 la·
1051 1421 1052 1424 Ἴ

206 1428 321 1489 saltate,
344 1427 550 1477 circumventus
569 1426 773 1478 concideretur.
811 1425 1014 1493 Caesar,equi-
1051 1427 1052 1438 ¹

206 1503 267 1548 tatu
288 1502 353 1546 ante
374 1496 538 1561 praemisso,
560 1495 664 1546 inscius
685 1495 847 1546 insidiarum
870 1512 955 1562 quurn
978 1498 1013 1546 ad

206 1583 269 1618 cunr
282 1567 372 1616 locuni
384 1567 520 1626 venisset,
540 1564 620 1614 abusi
636 1568 695 1616 sive
706 1565 787 1616 obliti
799 1573 1013 1630 praeceptor-orn

206 1637 336 1696 Labieni,
357 1636 415 1686 sire
431 1637 526 1696 veriti,
546 1649 582 1683 ne
594 1635 622 1684 in
633 1634 710 1685 fossa
721 1636 755 1686 ab
768 1635 908 1701 equitibus
921 1640 1013 1701 oppri-

206 1712 361 1766 merentur,
381 1705 438 1754 rari
452 1719 485 1754 ac
499 1703 602 1770 singuli
614 1705 648 1758 de
663 1719 732 1770 rupe
744 1705 854 1769 prodire
865 1712 894 1755 ct
904 1721 1015 1756 suntuna

206 1781 302 1842 petere
317 1773 410 1824 collis:
431 1788 500 1839 quos
513 1775 640 1824 Caesaris
658 1776 766 1841 equites
786 1776 927 1824 consecuti
949 1791 1014 1842 pur·
1051 1803 1052 1814 κ

205 1845 257 1896 tim
268 1843 482 1905 interfecerunt,
494 1844 724 1908 partinrvirorurn
732 1851 799 1894 suut
807 1845 898 1908 potiti:
909 1844 1015 1896 deinde

206 1913 335 1982 protinus
347 1911 447 1962 collem
458 1919 555 1978 petere
567 1913 772 1964 contenderunt
783 1922 865 1982 atque
879 1929 953 1976 euris,
966 1915 1015 1966 dc·

207 1997 288 2036 cusso
310 1981 427 2032 Labieni
451 1981 605 2047 pracsidio,
637 1983 769 2035 celeriter
799 1997 1016 2049 occupaverunt.

205 2053 346 2106 Labienus
366 2065 427 2101 cunr
448 2057 528 2117 parte
550 2054 673 2118 equitum
689 2054 735 2104 vix
750 2051 817 2120 fuga
833 2054 885 2104 sibi
901 2059 1017 2120 peperit

205 2123 334 2176 salutem.
877 2121 880 2126 '

258 2193 303 2244 Ll.
323 2193 383 2242 llac
393 2205 424 2240 re
436 2204 485 2255 per
500 2193 608 2258 equites
624 2197 719 2258 gesta,
740 2193 843 2244 Cacsar
854 2191 1016 2260 legionibus
1051 2249 1052 2264 χ

207 2278 293 2330 opera
303 2260 447 2313 distribuit
461 2267 545 2328 atque
560 2263 590 2311 in
602 2277 636 2312 eo
648 2260 733 2323 colle,
755 2277 810 2328 quo
823 2269 884 2312 crat
896 2265 1015 2328 potitus,

206 2338 298 2386 castra
309 2329 427 2382 munivit
472 2330 581 2382 Deinde
592 2331 627 2382 ab
638 2332 696 2382 suis
711 2331 839 2382 maximis
850 2335 951 2382 castris
963 2347 1016 2398 per
1051 2359 1052 2382 1

206 2402 329 2454 medium
339 2413 476 2465 campum,
487 2415 502 2450 e
513 2402 626 2467 regione
639 2401 732 2468 oppidi
738 2401 842 2463 Urius,
854 2401 926 2468 quod
939 2403 1016 2454 inter

205 2486 257 2522 sua
268 2474 360 2521 castra
370 2475 400 2519 ct
409 2467 545 2535 Scipionis
557 2471 585 2520 in
596 2469 711 2536 planitie
721 2472 842 2536 positum
854 2477 923 2533 crat,
935 2477 1014 2523 tene·

205 2539 343 2604 baturque
355 2553 372 2588 a
383 2536 519 2603 Scipione,
534 2539 588 2596 duo
599 2539 713 2590 brachia
722 2540 846 2591 instituit
856 2541 918 2592 duci
931 2548 960 2592 et
971 2544 1014 2593 ita

206 2607 331 2674 erigere,
351 2610 383 2656 ut
396 2605 431 2656 ad
448 2607 579 2673 angulum
595 2607 723 2660 dextrum
738 2610 938 2677 sinistrumque
950 2613 1011 2664 cios
1051 2653 1052 2672 ἶ

207 2673 300 2744 oppidi
311 2674 501 2728 convenirent.
537 2677 568 2730 ld
580 2674 750 2732 baereticae
762 2695 832 2747 opus
843 2679 1012 2746 instruebat¹
1051 2673 1052 2726 l
