2150 3124
181 195 217 252 52
245 212 250 224 ·
370 195 426 249 DE
447 195 798 250 rennuendum

233 298 362 354 xxxnl.
408 298 464 352 Sub
482 313 628 366 vesperum
649 300 750 352 &esar
769 307 864 368 portas
878 299 987 370 claudi,

182 369 339 436 militesque
350 383 384 420 ex
396 369 495 435 oppido
506 371 583 422 exire
593 371 687 431 iussit,
702 385 828 437 nequam
840 379 923 428 noctu
936 387 984 439 op-

182 441 277 508 prdani
286 440 321 491 ab
331 438 464 490 militibus
473 439 602 490 iniuriam
614 441 776 506 acciperent.
793 440 849 503 llll,
859 445 987 494 anteinl-
1065 469 1066 508 ᾖ

181 517 226 572 to,
241 505 453 559 utintellectunr
464 514 520 570 est,
536 509 665 570 consilio,
676 509 748 576 quod
760 509 897 562 deditione
908 509 985 562 faeta
1065 559 1066 586 ,

181 586 293 630 nostros
309 577 986 647 praesidiadeduetures,autdeniqueindiligen-
1065 587 1066 590 ’

181 651 237 700 tius
256 651 415 699 servaturos
436 647 624 709 crediderant,
648 650 748 713 purtim
764 663 825 699 eum
840 647 895 711 bis,
912 663 986 716 quae

181 719 393 772 retinuerante't
412 715 584 780 celaverarit,
603 717 700 778 aruris,
721 720 822 784 partim
842 719 928 769 scutis
949 732 987 769 ex

182 790 283 842 cortice
294 786 390 850 factis,
400 787 604 838 nutriminibus
615 787 740 848 intextis,
751 801 821 854 quae
831 789 933 851 subito,
953 793 987 837 ut

181 857 312 924 temporis
332 856 469 922 exiguitas
483 855 654 920 postulabat,
679 855 797 920 pellibus
810 858 988 918 induxerant,

182 931 269 979 tertia
279 925 380 992 vigilia,
391 939 446 991 que
455 919 681 975 minimerirduus
692 923 728 974 ad
738 931 849 976 nostras
858 927 990 976 munitio·

182 1011 232 1048 nes
248 994 397 1058 adscensus
410 992 567 1055 videbatur,
587 994 713 1044 omnibus
727 995 813 1060 copiis
827 1002 942 1061 repente
952 1009 989 1047 ex

182 1063 283 1130 oppido
294 1063 466 1128 eruptionem
478 1060 610 1116 fecerunt
647 1061 795 1125 Celeriter,
805 1069 910 1116 utente
921 1067 988 1116 Cae·

182 1149 229 1184 ssr
238 1135 403 1198 imperarat,
423 1131 533 1199 ignibus
542 1131 743 1197 significatione
754 1131 840 1196 facta,
851 1147 885 1184 er
896 1135 988 1201 prori-

182 1204 233 1254 'mis
251 1200 377 1252 «rastellis
394 1215 427 1253 eo
447 1215 610 1252 concursum
625 1205 882 1270 estpugnetumque
893 1204 927 1254 ab
939 1201 987 1254 bo·

182 1273 270 1325 stibus
282 1272 323 1321 ita
332 1272 448 1333 aeriter,
467 1275 500 1320 ut
509 1284 525 1321 a
534 1271 600 1320 viris
611 1267 743 1333 sortibus,
763 1273 791 1321 in
802 1277 928 1324 extrema
936 1285 986 1338 spe

181 1341 288 1403 salutis,
297 1341 391 1408 iniquo
402 1339 479 1403 loeo,
488 1344 586 1391 eentm
596 1353 653 1403 eos,
664 1342 709 1406 qui
722 1353 756 1392 ex
765 1339 842 1391 valle
851 1342 988 1394 turribus·

181 1425 235 1480 que
246 1411 303 1464 tele
312 1412 447 1472 iacerent,
458 1410 572 1476 pugnari
584 1406 691 1471 debuit,
703 1425 787 1476 quum
798 1411 826 1460 in
836 1413 986 1462 enavimu-

183 1491 212 1534 te
227 1481 315 1531 omnis
330 1493 392 1546 spes
407 1479 505 1529 salutis
520 1479 691 1530 consisteret.
729 1480 834 1530 Occisis
850 1480 885 1544 ad
899 1479 986 1530 bomi-

181 1565 247 1601 num
257 1549 367 1612 milibus
377 1553 508 1614 quotuor,
519 1548 619 1615 reliqui
629 1549 658 1598 in
668 1548 797 1616 oppidum
808 1551 903 1600 reiecti
913 1554 986 1602 sunt.

181 1619 320 1670 Postridie
332 1619 390 1670 eius
401 1618 469 1679 diei,
479 1617 607 1669 retractis
618 1619 721 1683 portis,
733 1632 815 1688 quum
826 1619 880 1669 iam
891 1617 985 1670 defen·

182 1689 263 1740 de'ret
282 1703 377 1750 neme,
397 1692 480 1753 atque
493 1687 659 1737 intromissis
675 1687 806 1739 militibus
817 1689 933 1750 nostris,
943 1699 985 1738 se·

181 1759 299 1819 ctionem
320 1757 379 1807 eius
394 1755 487 1821 oppidi
497 1757 652 1823 universam
663 1756 764 1809 Caesar
774 1756 904 1808 vendidit.
940 1755 983 1808 nb
1019 1817 1024 1824 ⁵

180 1825 236 1887 bis,
257 1826 304 1890 qui
319 1829 457 1886 emerant,
477 1824 598 1891 capitum
613 1833 745 1876 numerus
758 1825 793 1877 ad
805 1841 867 1877 eum
877 1827 982 1878 relatus

182 1899 224 1946 est
233 1895 338 1944 milium
349 1893 421 1958 Llll.
933 1938 935 1942 .

232 1959 365 2014 xxxiv.
400 1961 507 2012 Eodem
517 1968 646 2034 tempore
654 1977 672 2014 a
682 1962 713 2014 P.
718 1965 825 2026 Crasse,
831 1975 912 2034 quern
923 1974 984 2031 eum

182 2033 291 2100 legione
307 2045 362 2080 una
373 2033 486 2082 nriserat
495 2031 532 2083 ad
541 2031 675 2094 Venetos,
694 2033 821 2094 Unellos,
843 2033 995 2093 Osismios,

183 2099 378 2166 Curiosolitas,
402 2099 543 2164 Sesurios,
563 2101 709 2164 Aulercos,
734 2101 894 2164 llbedones,
914 2115 983 2168 quee

182 2169 247 2222 sunt
256 2170 412 2224 maritimae
422 2169 557 2234 civitates,
562 2170 756 2237 Oceanumque
767 2171 921 2236 adtingunt,
927 2185 984 2221 cer-

182 2244 238 2293 tior
249 2240 338 2292 laetus
348 2247 405 2302 est,
425 2253 521 2291 omnes
532 2255 579 2291 eas
589 2241 714 2291 civitates
725 2243 754 2291 in
764 2241 898 2291 ditionem
908 2244 988 2304 pote·

180 2316 335 2377 etatemque
347 2308 441 2375 populi
450 2309 567 2359 Romani
575 2323 638 2360 esse
648 2309 784 2360 redactas.

160 2423 163 2430 ,
232 2379 344 2430 XXXV.
380 2378 433 2428 llis
456 2379 539 2429 rebus
563 2381 648 2445 gestis
668 2380 742 2430 omni
762 2375 855 2429 Gallia
875 2382 981 2444 pacata,

180 2455 260 2500 tanta
274 2447 354 2499 buius
368 2445 436 2498 belli
452 2448 487 2498 ad
499 2447 637 2500 barbaros
649 2449 742 2514 opinio
751 2447 859 2513 perlata
868 2453 922 2508 est,
941 2447 982 2495 nti

180 2519 215 2570 ab
235 2516 277 2568 bis
296 2517 467 2577 nationibus,
492 2531 562 2583 quae
582 2523 659 2568 trans
678 2515 804 2568 Rhenum
823 2515 983 2576 incolerent,
1065 2537 1066 2566 r

179 2589 359 2638 mitterentur
375 2585 461 2653 legati
472 2586 506 2636 ad
519 2587 678 2649 Caesarem,
698 2601 769 2653 quae
779 2601 809 2637 se
820 2585 928 2637 obsides
937 2583 983 2634 da-
1065 2623 1066 2626 η

179 2661 272 2716 turus,
291 2653 571 2720 imperatadaeturas,
592 2651 802 2722 pollicerentur:
834 2653 984 2722 qusslegu·
1065 2641 1066 2678 ³

180 2727 270 2776 tiones
280 2723 394 2784 Caesar,
405 2722 480 2790 quod
488 2725 517 2773 in
528 2722 636 2773 ltaliam
647 2722 844 2791 illyricumque
854 2735 982 2791 properu-
1065 2777 1066 2790 ,
