2168 3134
400 179 551 235 Laeua
576 179 598 235 i.
680 193 682 198 ·
847 177 901 236 232
951 197 954 205 ⁴

16 308 19 313 ·
32 261 47 312 ’Ἴ
89 270 207 354 seseque
219 285 255 337 ad
266 286 411 336 Caesarem
427 286 581 338 conferunt
619 288 644 338 ls
655 301 688 338 eo
700 275 826 352 tempore
839 293 901 338 erat

91 360 242 410 Ravennae
253 357 485 422 exspectabatque
505 357 562 406 suis
575 355 731 406 lenissimis
751 356 900 423 postulatis

91 441 239 492 responsa,
267 425 289 474 si
308 440 363 491 qua
379 424 521 476 hominum
537 429 678 494 aequitate
691 441 740 488 res
753 425 788 476 ad
809 429 899 478 etium

90 497 191 547 aedua
207 500 309 561 posset.

105 590 108 596 λ
144 564 193 617 Vl.
213 563 467 614 Proximis'diebus
488 563 612 615 habetur
624 569 737 614 senatus
759 572 840 617 extra
855 581 899 618 ur-

90 637 164 686 bem.
205 633 354 699 Pompeius
375 633 472 684 eadem
494 634 556 695 illa,
578 648 652 700 quae
669 647 719 698 per
740 631 899 700 Scipionem

91 703 263 765 ostenderat,
285 705 358 770 agit3
376 709 489 754 senatus
509 705 641 754 virtutem
657 707 897 772 constantiamque

90 773 248 835 collaudat3
267 775 358 838 copias
369 789 432 824 suas
444 774 570 838 exponit3
588 773 712 839 legiones
725 771 826 826 habere
838 789 899 824 sese

90 849 208 910 paratas
220 843 327 905 decem3
346 848 494 909 praeterea
513 844 653 908 cognitum
669 849 899 910 compertumque

7 961 8 982 i
90 914 154 974 sibi,
165 913 257 962 alieno
270 927 330 963 esse
341 914 432 962 animo
443 914 472 962 in
483 915 628 964 Caesarem
639 913 750 974 milites,
762 929 851 980 neque
862 916 897 964 iis

91 997 176 1050 posse
189 981 364 1048 persuaderi,
385 985 425 1032 uti
441 998 503 1033 cum
515 981 668 1033 defendant
683 992 731 1032 aut
747 990 898 1051 sequantur

91 1053 201 1103 saltem.
236 1051 279 1102 De
291 1050 405 1118 reliquis
416 1053 499 1102 rebus
510 1051 546 1102 ad
557 1057 684 1103 senatum
695 1050 826 1104 refertur:
838 1060 899 1104 tota

92 1121 176 1172 ltalia
187 1120 306 1172 dilectus
318 1120 484 1184 habeantur3
506 1122 627 1172 Faustus
639 1121 718 1174 Sulla
732 1130 899 1189 propraetor

92 1193 122 1241 in
144 1191 338 1241 Mauritaniam
360 1198 501 1254 mittatur3
534 1192 650 1256 pecunia
670 1193 711 1241 uti
733 1207 767 1242 ex
789 1195 898 1244 aerario

57 1311 63 1325 „
92 1260 225 1326 Pompeio
246 1259 335 1313 detur.
370 1258 503 1310 Refertur
523 1261 606 1311 etiam
626 1262 660 1311 de
681 1263 846 1328 regelata,
867 1265 900 1310 ut

93 1332 186 1380 socius
196 1332 232 1379 sit
243 1335 326 1396 atque
337 1331 454 1380 anricus:
468 1329 621 1380 Marcellus
636 1345 700 1380 rere
713 1345 898 1394 passurumne

92 1403 122 1450 in
138 1401 296 1464 praesentia
311 1407 404 1466 negat.
442 1398 482 1448 De
494 1399 599 1449 Fausto
615 1399 729 1464 impedit
745 1399 899 1465 Philippus,

94 1470 223 1520 tribunus
235 1467 331 1534 plebis.
367 1469 415 1518 De
426 1466 541 1534 reliquis
557 1468 639 1519 rebus
655 1468 899 1519 senatusconsulta

93 1539 311 1605 perscribuntur,
322 1539 481 1602 provinciae
490 1537 606 1603 privatis
619 1538 813 1598 decernuntur,
826 1537 899 1588 duae

94 1607 270 1668 consulares,
300 1607 425 1673 reliquae
446 1609 615 1672 praetoriae:
644 1604 765 1673 Scipioni
787 1608 900 1659 obvenit

95 1677 186 1743 Syria,
208 1677 240 1727 L.
255 1677 378 1726 Domitio
398 1677 497 1728 Gallia
534 1675 678 1742 Philippus
700 1683 728 1726 et
747 1676 899 1728 Marcellus

94 1746 332 1813 privatoconsilio
349 1752 573 1812 praetereuntur,
595 1762 684 1814 neque
700 1761 795 1798 eorum
808 1751 898 1798 sortes

95 1816 270 1867 deliciantur.
306 1817 337 1867 ln
357 1816 479 1883 reliquas
497 1817 652 1882 provincias
672 1824 818 1883 praetores
838 1817 899 1867 mit·

93 1892 199 1946 tuntur‚
220 1901 311 1952 neque
331 1891 504 1950 exspectant,
527 1887 600 1952 quod
617 1888 807 1954 superioribus
819 1887 898 1937 annis

95 1955 244 2016 acciderat,
266 1955 342 2005 utde
354 1970 448 2006 eorum
462 1957 578 2021 imperio
591 1956 627 2008 ad
638 1957 768 2023 populum
781 1956 899 2019 feratur,

93 2025 282 2091 paludatique,
297 2026 369 2074 votis
386 2027 560 2091 nuncupatis,
578 2033 687 2088 exeunt,
708 2027 780 2093 quod
792 2032 856 2077 ante
868 2026 897 2077 itl

94 2101 204 2160 tempus
216 2095 356 2145 acciderat
368 2110 526 2162 numquam.
564 2096 698 2146 Consules
711 2111 746 2145 ex
756 2097 824 2145 urbe
834 2108 898 2160 pro·

93 2165 269 2226 ficiscuntur,
288 2163 454 2232 lictoresque
475 2163 578 2215 habent
595 2168 623 2215 in
639 2167 708 2215 urbe
720 2170 747 2215 et
758 2164 896 2229 Capitolio

93 2235 205 2298 privati,
221 2240 317 2284 contra
327 2235 419 2284 omnia
431 2236 577 2286 venustatis
588 2234 723 2300 exempla.
759 2235 834 2283 Tota
844 2232 898 2283 lta·

92 2301 131 2352 lia
143 2302 260 2357 dilectus
271 2299 422 2366 habentur,
443 2318 520 2354 arma
534 2305 716 2369 imperantur,
736 2303 869 2367 pecuniae
881 2317 898 2351 a

92 2375 248 2440 municipiis
260 2374 418 2439 exiguntur,
431 2387 445 2422 e
458 2372 530 2423 fanis
541 2372 690 2434 tolluntur,
701 2373 794 2422 omnia
806 2372 899 2422 divina

95 2441 269 2508 liununraque
281 2444 343 2492 iura
359 2445 566 2508 permiscentur.

67 2521 71 2524 '
147 2511 205 2564 Vll.
225 2513 329 2573 Quibus
342 2513 423 2562 nebris
434 2511 551 2579 cognitis
559 2548 567 2572 ,
599 2513 700 2564 Caesar
711 2512 781 2577 apud
794 2511 897 2564 militer

95 2584 286 2632 concionatur.
307 2577 431 2633 Ornnium
443 2589 589 2649 temporum
600 2581 715 2634 iniurias
727 2581 898 2634 iairnicerma

94 2649 124 2702 in
134 2667 162 2702 se
172 2657 383 2713 commemorat,
402 2667 419 2702 a
431 2651 524 2720 quihus
535 2651 670 2704 seductum
682 2669 713 2703 ae
724 2651 898 2719 deprecatura

97 2719 253 2789 Pompeium
264 2723 406 2788 queritur,
435 2720 539 2774 invidia
549 2729 629 2788 etque
641 2722 832 2777 obnectetioae
841 2723 900 2778 latr
