2152 3144
175 157 226 213 ³28
386 155 445 208 DE
467 156 608 211 BELLO
632 159 765 215 ClVlLl

174 262 382 328 exspectatione
400 261 530 324 venisset,
551 269 657 316 temere
679 278 845 332 progressus
865 269 977 332 turpem

174 330 271 396 habuit
282 336 385 384 exitum
403 338 431 384 ot
446 339 543 395 noctu,
564 351 599 385 ne
614 335 793 386 coriolamatis
809 333 918 402 quidem
931 351 975 384 ra·

173 403 221 465 sis,
244 401 346 455 llumen
357 403 460 456 transit
471 409 553 469 atque
564 404 593 453 iu
610 403 726 472 eandem
737 410 853 470 partem,
875 419 910 455 ex
919 419 976 472 qua

172 479 297 537 verterat,
311 473 385 524 rodit
394 473 487 539 ibique
500 487 585 540 prope
596 471 699 524 llumen
711 475 786 526 edito
799 480 900 524 natura
913 473 974 526 luco

172 548 265 594 castra
276 545 377 610 posuit.
413 543 511 594 Paucis
524 543 620 594 diebus
630 544 818 610 interpositis,
840 549 925 594 noctu
936 545 976 593 iri·
1065 553 1066 594 ς

171 612 256 678 sidias
269 615 394 680 equitum
405 611 567 676 collocavit,
588 627 641 681 quo
659 616 688 664 iu
705 612 766 682 loco
782 614 974 680 superioribus

161 681 230 746 'fere
241 682 339 736 diebus
351 683 439 732 nostri
451 682 576 749 pabulari
588 689 798 734 consueverant.
833 683 878 744 Et,
889 698 975 750 quum

171 753 332 820 quotidiana
343 753 545 804 consuetudine
557 751 589 813 Q.
600 754 706 815 VaruS,
726 752 885 819 praelectus
896 753 973 820 equi-

171 828 229 873 tum
243 823 367 884 Domitii,
389 822 520 886 uenisset,
540 822 633 873 subito
645 822 688 874 illi
698 838 733 874 ex
742 823 850 874 insidiis
861 837 972 888 consur·

169 898 314 954 rexerunt:
334 890 384 942 sed
404 893 493 942 nostri
509 892 622 944 fortiter
639 907 735 946 corum
751 894 885 960 impetum
901 893 973 944 tule·

169 966 236 1012 runt
250 959 435 1028 celeriterque
449 960 483 1011 ad
497 977 563 1014 suos
580 965 695 1030 quisque
712 961 823 1014 ordines
838 962 922 1014 rediit
933 969 972 1012 at-

170 1047 223 1096 que
236 1030 311 1080 ultro
323 1031 443 1080 universi
457 1029 485 1080 iu
503 1029 596 1082 hostes
606 1033 739 1098 impetum
754 1031 892 1084 focerunt.
928 1032 972 1094 Ex

169 1099 213 1164 liis
225 1101 337 1150 circiter
354 1104 498 1167 octogiuta
511 1097 681 1164 interfectis,
703 1103 816 1169 reliquis
829 1103 863 1166 in
878 1101 974 1168 frigam

169 1170 313 1234 coniectis,
334 1173 433 1233 nostri,
453 1169 560 1222 duobus
576 1173 693 1234 amissis,
714 1173 742 1223 iu
753 1178 845 1238 eastra
856 1188 886 1224 se
897 1187 972 1224 rece·

168 1246 279 1306 perurit.
480 1285 483 1294 .

179 1363 193 1372 Η
221 1307 375 1376 xxxviii.
394 1309 448 1360 llis
468 1310 552 1362 rebus
567 1312 663 1378 gestis,
683 1311 835 1372 Domitius,
855 1326 970 1378 sperans

168 1379 324 1445 Scipionem
342 1379 377 1432 ad
393 1395 514 1447 pugnam
530 1375 593 1433 elici
614 1397 711 1448 posse,
734 1381 888 1444 simularit,
909 1396 970 1444 sese

138 1471 141 1476 ·
167 1452 304 1517 arigustiis
314 1451 356 1502 rei
369 1449 728 1516 frumentariaeadductum
740 1457 832 1503 castra
843 1465 970 1512 morer-m

165 1521 294 1588 vasisque
307 1520 421 1572 militari
433 1536 510 1572 more
522 1521 709 1584 conclamatio,
721 1536 882 1590 progressus
893 1520 971 1570 milia

165 1605 297 1656 passuum
307 1592 379 1654 trin,
400 1590 462 1656 loeo
472 1590 576 1642 idoneo
588 1599 617 1642 et
628 1593 734 1644 occulto
746 1606 855 1642 onmem
866 1591 970 1644 exerci-

165 1665 226 1710 tum
238 1661 448 1728 equitatumque
461 1661 617 1712 collocarit.
654 1660 757 1729 Scipio,
777 1661 813 1712 ad
824 1662 969 1728 insequens·

165 1727 231 1780 dum
252 1736 376 1794 paratus,
396 1731 549 1797 equitatum
570 1745 752 1798 stagnumque
774 1725 880 1796 partem
900 1730 968 1781 ieris

166 1804 326 1854 armaturae
341 1799 376 1849 ad
392 1799 595 1864 explorandum
609 1801 664 1850 iter
684 1800 804 1852 Duniitii
821 1805 851 1850 et
868 1813 969 1865 cugno-

165 1867 297 1918 seendum
309 1870 460 1933 praemisit.
497 1869 552 1928 Qui
563 1884 647 1936 quum
658 1876 752 1920 esseut
763 1870 901 1935 progressi
914 1869 969 1935 pri-

165 1951 283 2003 maeque
303 1943 412 1988 turmae
434 1937 549 2002 iusidias
568 1939 766 2002 intravissent,
799 1952 833 1989 ex
852 1934 968 2000 fremitu

166 2021 301 2072 equorum
312 2005 391 2056 illata
401 2009 573 2072 suspicione,
594 2007 629 2058 ad
646 2024 713 2060 suos
728 2023 759 2060 se
771 2008 895 2072 recipere
906 2021 967 2060 coe·

166 2081 279 2142 perunte
300 2079 402 2144 quique
416 2075 466 2128 lios
476 2078 674 2144 sequebantur,
686 2078 803 2130 celerem
817 2092 913 2130 eorum
925 2091 969 2128 re·

166 2152 277 2212 ceptum
298 2148 463 2212 conspicati,
493 2150 671 2199 restiterunt.
707 2147 819 2211 Nostri,
849 2148 968 2215 coguitis

164 2217 281 2280 insidiis,
295 2233 331 2278 vne
343 2216 449 2282 frustra
459 2218 583 2285 reliquos
594 2224 798 2284 exspectarent,
814 2217 883 2268 duas
894 2217 966 2266 nacti

166 2285 323 2356 [hostium]
340 2293 448 2340 turmas
465 2293 648 2355 exceperunt:
670 2290 710 2351 (in
726 2287 768 2340 his
784 2287 839 2340 fuit
854 2287 893 2338 M.
904 2287 967 2352 Opi-

165 2359 247 2420 mius,
267 2356 428 2424 praefectus
449 2361 584 2425 equitum)
606 2359 730 2426 reliquos
753 2367 849 2411 oscines
871 2371 966 2410 earum

163 2435 316 2478 turmarum
328 2438 376 2480 aut
386 2429 654 2492 interiecer·unt,aut
664 2435 759 2496 captos
769 2427 803 2480 ad
812 2427 963 2480 Domitium

160 2496 361 2562 perduxerunt.
430 2557 432 2562 ,
724 2505 726 2510 '

212 2565 341 2618 xxxix.
370 2566 506 2633 Deductis
532 2583 598 2622 orae
625 2569 782 2621 maritimae
807 2564 964 2632 praesidiis,

164 2633 275 2698 Caesar,
298 2641 328 2686 ut
348 2651 432 2701 supra
452 2637 674 2696 denroristnitum
687 2647 737 2702 est,
758 2643 814 2687 tres
835 2633 965 2686 cohortes

162 2702 239 2760 Orici
250 2703 343 2784 oppidi
356 2705 452 2770 tuendi
468 2722 564 2762 caussa
576 2709 690 2779 reliquit
708 2707 861 2777 iisdemque
873 2710 960 2760 custo·
