2134 3148
198 132 251 186 rso
370 135 403 185 Α.
421 117 632 187 ularii'nn
651 133 792 188 nunno

138 298 139 302 Ἰ
197 237 281 290 diffisi
292 237 415 304 Scipioni
431 240 545 308 eiusque
560 237 660 306 copiis,
682 238 839 305 complures
853 253 883 291 se
901 240 996 292 eodem
1037 271 1038 282 κ

196 308 388 360 conferebant.
681 347 683 350 -

230 423 233 432 1
247 377 320 429 Llll.
339 379 413 429 Dum
424 378 492 432 haec
507 379 610 430 circum
622 379 731 430 Uzitam
744 378 778 429 ab
789 379 916 446 utrisque
927 379 1001 431 duci·

195 449 248 502 bus
259 446 498 513 administrantur,
518 449 644 516 legiones
656 450 742 511 duae,
763 461 839 500 nona
849 456 878 500 ot
888 449 999 510 decima,

197 533 233 570 ex
244 515 338 570 Sicilia
348 519 462 570 navibus
472 521 607 570 onerariis
618 519 767 584 profectae,
783 534 866 585 quum
878 521 932 568 iam
944 535 999 571 mm

196 587 280 654 longe
291 603 308 638 a
319 593 402 652 portu
413 589 552 655 Ruspinae
563 589 707 650 abessent,
729 589 904 653 conspicatae
916 603 1000 640 nares

197 657 387 720 Caesarianas,
399 673 469 725 quae
479 660 508 708 in
518 661 640 708 statione
651 656 722 723 apud
729 656 871 723 'Thapsum
880 659 1000 719 stabant,

195 727 277 778 veriti
284 763 292 789 ,
312 743 347 778 nc
358 727 388 777 in
398 727 633 787 aduersariorum,
654 727 845 778 utinsidiansli
857 729 949 794 gratia
960 729 999 778 ibi

196 798 438 855 commorantium,
450 799 564 850 classem
576 796 741 858 inciderent,
751 797 943 863 imprudentes
955 812 999 848 re·

195 864 225 916 lu
235 867 265 915 in
275 864 362 916 altum
372 865 511 917 dedorunt
521 883 562 930 ac,
579 866 627 916 diu
638 867 808 934 multumque
817 867 925 926 iactati,
941 872 1001 917 tan-

197 933 367 986 dem-multis
380 940 441 1001 post
454 936 553 989 dicbus
572 937 619 986 siti
639 937 788 1002 inopiaque
809 935 946 998 confecti,
966 937 1001 987 ad

198 1004 344 1056 Caesarem
357 1008 530 1072 perveniunt.
815 1031 816 1038 κ
829 1045 832 1051 .
986 1025 989 1030 ·

249 1071 320 1126 LlV.
340 1075 446 1136 Quibus
457 1076 612 1143 legionibus
624 1076 768 1142 explentis,
790 1089 896 1126 memor
907 1075 938 1126 in
948 1077 1001 1126 lta·

133 1201 147 1222 κ
196 1143 235 1196 lia
254 1146 388 1211 pristinae
408 1146 537 1197 licentiae
558 1145 687 1196 militaris
699 1161 731 1196 uc
742 1147 903 1212 rapinarum·
912 1151 1002 1197 'certo-
1037 1139 1038 1216 j

197 1227 259 1266 rum
273 1213 602 1284 ¹hominum,,periculosa
625 1215 881 1266 modocaussnlam
901 1221 1001 1265 nactus
1037 1219 1038 1270 ἲ

199 1285 314 1347 Caesar,
331 1286 404 1352 quod
417 1287 445 1338 c.
456 1288 585 1348 Avienus,
606 1286 731 1336 tribunus
743 1285 864 1334 militum
876 1284 1001 1346 decimae
1037 1281 1038 1306 ³

198 1355 328 1422 legionis,
347 1370 445 1407 navem
456 1361 610 1408 commeatu
621 1353 727 1405 familia
737 1371 789 1406 sua
800 1359 882 1421 atque
893 1356 1001 1406 iumen-

196 1427 235 1476 tis
252 1427 459 1491 occupavisset,
474 1441 563 1493 neque
575 1425 691 1475 militem
707 1440 791 1475 unum
808 1425 842 1475 ab
853 1423 949 1476 Sicilia
959 1441 1002 1474 su·

198 1495 331 1556 stulissca
343 1500 454 1561 postero
463 1496 548 1547 diade
558 1499 700 1562 suggestu,
711 1495 867 1544 convocatis
878 1496 1002 1545 omnium

198 1563 340 1630 legionum
352 1565 474 1617 tribunis
484 1564 756 1630 centurionibusque,
769 1562 890 1615 Maxime
899 1565 1003 1625 vellaus,

196 1635 299 1699 iuquit,
315 1633 431 1686 borisines
441 1650 506 1686 suae
522 1632 694 1701 petulantiae
705 1633 854 1700 nimiaeque
865 1633 1004 1686 libertatis

198 1701 349 1769 aliquando.
363 1703 441 1763 finem
456 1705 606 1775 fecissent,
621 1719 745 1770 meaeque
765 1701 903 1766 lenitatis,
917 1705 1005 1758 mode-

198 1771 267 1826 stiae
275 1771 478 1840 patientiaeque
489 1775 623 1827 rationem
632 1771 794 1826 habuissent.
814 1770 867 1822 tet
876 1775 1005 1840 qssoniam

196 1841 250 1912 ipsi
259 1841 310 1896 sibi
320 1843 531 1906 acommodata,
551 1859 636 1909 neque
656 1841 799 1898 terntisrum
818 1842 1006 1907 coustitutum

196 1925 249 1980 qua
260 1910 343 1963 ceteri
353 1910 519 1964 dissimiliter
531 1929 557 1964 se
566 1922 676 1982 genunt,
684 1920 787 1981 egomet
797 1911 853 1978 ipse
864 1913 1007 1968 documen-

197 1991 256 2037 tsss
274 1997 346 2034 inore
365 1980 481 2033 militari
502 1982 672 2034 constituam.
711 1979 862 2042 Csrloiene,
883 1984 958 2047 quod
978 1986 1008 2038 in

196 2051 283 2107 ltalia
299 2050 397 2102 utililas
415 2050 637 2119 populiRomnni
651 2059 746 2104 contra
762 2051 956 2118 rempublicam
966 2053 1009 2107 in-
1037 2061 1038 2070 ³

195 2121 320 2188 stipanti,
340 2120 501 2189 rapinasque
516 2137 566 2190 per
587 2120 733 2188 rrsunicipia
746 2119 845 2191 fecisti
851 2137 862 2182 ;
882 2123 1009 2190 quodque

195 2191 262 2244 mibi
275 2191 366 2259 reique
386 2190 627 2258 publicaeiuulilis
643 2190 739 2261 fuisti,
760 2199 787 2240 et
803 2207 855 2258 pro
869 2191 1010 2246 militibus

195 2271 271 2316 tuarn
285 2259 423 2332 faciciliam
440 2261 608 2330 iunsentaqae
618 2263 647 2314 in
658 2276 738 2314 uates
752 2259 904 2327 imposuisti
910 2279 922 2322 ;
943 2271 1010 2316 tua-

187 2349 245 2400 que
257 2347 339 2398 opera
351 2329 480 2384 militibus
499 2341 615 2398 tempore
631 2328 780 2384 neccessario
795 2330 951 2398 respublica
963 2350 1011 2386 ca·

195 2409 237 2452 ret
242 2417 253 2461 ‚·
271 2401 303 2451 ob
319 2415 364 2452 eas
380 2417 422 2452 res
442 2399 606 2470 maritimae
621 2416 717 2452 caussa
728 2398 762 2452 ab
774 2400 895 2452 aaudiat
905 2417 968 2454 nreo
982 2413 1012 2455 te

195 2485 324 2532 tertianae,
339 2467 465 2537 hodieque
475 2471 544 2523 exA
560 2471 619 2522 rica
635 2469 733 2532 abesse,
748 2477 784 2530 et,
800 2479 932 2537 quantum
939 2481 1009 2538 pot-

197 2547 246 2600 est,
254 2537 394 2606 proficisci
402 2537 488 2592 iubeo.
541 2549 644 2604 temque
656 2547 689 2601 te,
700 2539 733 2589 Α.
743 2538 852 2602 Fontei,
870 2541 944 2608 quod
955 2542 1012 2594 tri·

197 2605 280 2658 banus
292 2603 407 2656 militum
418 2608 558 2660 seditiosus
568 2611 704 2673 malusque
716 2607 781 2660 cinis
795 2609 891 2680 fuisti,
912 2610 949 2662 ab
962 2629 1010 2664 ex-

197 2674 288 2725 ercitu
304 2674 426 2734 dultinc..
460 2675 490 2728 Τ.
511 2676 626 2740 Saliene,
644 2676 685 2731 Μ.
708 2675 788 2743 Tiro,
812 2678 841 2732 0.
865 2677 1009 2733 t'tnstnns.
