2124 3154
299 211 617 270 FRAGMENTA.
817 214 870 268 osio

66 318 126 376 τοίς
145 317 277 380 insinua,
297 319 340 369 καὶ
354 317 416 368 τόδε
430 321 497 374 τινὲς
510 315 593 368 αὐτοῦ
609 316 780 386 στρατήγημα
798 317 871 367 ἐπαι-

64 389 160 438 νοῦσιν.
182 383 216 444 ὦς
225 385 332 454 ἄριστον
342 387 368 435 ἓν
378 382 573 454 περικυκλώσει,
593 383 608 435 ὃ
621 385 649 436 δὲ
659 387 810 437 ΚΑΙΣΑΡ
817 387 875 434 ,ΕΝ

67 456 161 507 ΤΑΙΣ
167 453 405 505 ΕΙΙῙΣἾὈΛΑῙΣ
414 455 616 520 καταμέμφεται.
645 449 692 510 τάς
706 471 734 503 σε
744 451 794 520 γὰρ
804 453 872 515 πλη-

65 522 113 590 γυὶς
132 519 246 585 ὑπὸτῆς
263 523 345 586 βολῆς
362 519 534 588 εὐτονωτέρας
547 523 700 586 γίγνεσθαι,
720 523 831 576 ἑστῶτας
845 519 870 570 δ’

66 587 257 656 ἀποψύχεσθαί
264 594 302 652 σε’,
312 591 357 638 ναί
364 593 421 646 τοῖς
429 591 582 639 ἐπιθέουσιν
601 586 740 652 εῧυλήτους
750 585 781 636 δι’
795 583 872 654 ἄτρε-

65 655 313 776 μραρςοῑαγιοποὺς,
324 658 400 712 εἶναι.
432 665 475 711 Ex
485 655 605 727 Appiani
619 659 636 710 l.
651 657 677 709 2
690 655 724 710 B.
734 654 763 708 C.
769 673 801 726 p.
809 655 872 708 477.

67 743 107 776 e.
140 734 212 793 tep.
575 757 578 764 ,

120 795 208 856 Quam
220 793 420 860 (Britanniam)
433 799 545 861 Caesar,
556 797 606 849 illa
618 804 718 848 auctor
727 792 815 848 ventri
826 809 873 846 no·

67 866 158 928 minis,
179 881 241 916 cum
251 867 442 918 Romanorum
462 867 567 934 primus
583 870 726 929 intrasset,
745 867 831 918 alium
842 881 873 918 so

68 936 164 986 orbana
174 940 313 988 terrarum
324 939 433 1009 scripsit
438 939 588 1006 reperisse,
600 943 694 989 tantae
705 936 873 1004 magnitudi-

67 1006 111 1055 nis
123 1007 288 1069 arbitratus,
309 1013 341 1057 ut
353 1023 408 1059 non
420 1006 586 1059 circumfusa
596 1009 718 1068 Oceano,
739 1007 788 1059 scd
799 1019 873 1057 com·

67 1074 151 1140 plexa
172 1077 263 1143 ipsum
279 1077 421 1130 Oceanum
440 1078 592 1130 videretur.
619 1076 668 1130 Ea
676 1068 871 1130 Eumcns‘iPa·

67 1161 128 1214 neg.
137 1144 165 1208 4,
176 1162 198 1196 c.
212 1144 252 1196 ΙΙ.
262 1146 288 1198 2.

162 1229 206 1284 De
220 1230 249 1282 C.
260 1232 328 1285 lotii
339 1231 464 1288 Caesaris
475 1234 606 1303 Epistola
617 1231 779 1287 testimonia.

119 1301 263 1369 Epistolae
276 1317 384 1370 quoque
397 1305 502 1356 eiusad
515 1312 643 1356 senatum
657 1308 782 1355 exstant:
804 1317 874 1369 quas

66 1373 174 1438 primus
187 1373 300 1423 videtur
311 1373 346 1424 ad
358 1376 474 1442 paginas
486 1380 514 1426 et
524 1374 641 1430 formam
658 1370 831 1424 memorialis
843 1371 874 1423 li·

66 1441 135 1493 bclli
151 1443 335 1494 convertisse:
357 1458 417 1494 cum
432 1451 517 1494 antea
531 1444 659 1494 consules
676 1449 703 1493 et
719 1441 801 1493 duces
817 1456 874 1493 non
936 1491 941 1507 ,

67 1511 123 1562 nisi
134 1515 294 1562 transversa
309 1511 406 1564 charta
420 1515 566 1564 mitterent
576 1513 703 1579 scriptas.
722 1517 835 1562 exstant
845 1517 876 1563 et

67 1580 103 1632 ad
116 1581 291 1645 Ciceronem3
309 1583 376 1634 item
392 1582 428 1634 od
443 1582 596 1634 familiares
612 1581 771 1632 doniosticis
784 1581 818 1632 (le
829 1595 873 1632 rc·

68 1652 128 1702 bus.
146 1651 174 1701 in
187 1652 286 1717 quibus
298 1652 322 1702 si
333 1667 387 1720 qua
399 1653 534 1704 occultius
545 1651 712 1719 perferenda
723 1657 812 1711 crant,
823 1665 874 1716 per

67 1726 151 1772 notas
162 1721 281 1788 scripsit,
291 1721 319 1771 id
331 1727 383 1784 est,
395 1723 436 1772 oio
446 1727 554 1773 structo
567 1721 712 1772 literarum
724 1721 831 1782 ordine,
842 1729 874 1771 ut

67 1792 174 1842 nullum
184 1792 378 1842 verbunrcffici
390 1797 493 1858 posset.
513 1787 584 1860 quac
594 1792 618 1841 si
629 1791 691 1860 quis
702 1791 872 1858 investigare

68 1867 97 1912 et
112 1862 243 1930 persequi
262 1861 357 1924 vellet,
378 1868 506 1929 quartam
528 1861 730 1914 elementorum
751 1860 872 1922 literam,

66 1929 95 1980 iil
107 1936 150 1981 est
160 1930 186 1980 Ι)
200 1946 249 1996 pro
260 1933 298 1994 ll,
320 1937 349 1982 ct
363 1932 479 1998 perinde
496 1931 618 2000 reliquas
629 1936 790 1983 commutet.
824 1927 873 1982 Ex

69 1999 143 2052 Sciet.
153 1999 181 2050 in
196 1998 271 2052 Caes.
283 2016 342 2066 cap.
353 1998 394 2058 56.

120 2068 262 2132 Scribere,
283 2076 312 2121 et
323 2069 417 2137 legere
427 2069 520 2133 simul,
541 2068 648 2122 dictare
660 2075 689 2121 et
698 2069 795 2120 audire
806 2067 872 2120 soli·

68 2145 128 2191 tum
141 2139 307 2205 accepimus.
330 2141 464 2205 epistolas
474 2153 540 2191 vera
551 2146 694 2190 tantarum
705 2153 795 2190 rerum
808 2152 873 2205 qua·

69 2217 165 2261 ternas
176 2209 284 2280 pariter
291 2209 416 2259 librariis
428 2209 540 2271 dictare,
551 2214 600 2260 aut
610 2213 633 2260 si
644 2208 714 2259 nihil
723 2207 800 2259 aliud
811 2222 873 2274 agc-

69 2287 125 2343 ret,
136 2283 277 2344 septenas.
312 2277 359 2330 Ea
370 2277 443 2330 Pan.
454 2277 491 2329 H.
505 2278 538 2330 N.
549 2277 594 2330 lib.
605 2279 630 2341 ⁷,
640 2293 700 2346 cap.
709 2275 753 2329 25.

117 2345 162 2396 Ἐν
172 2349 252 2412 ἐκείνῃ
264 2344 296 2409 δὴ
307 2347 339 2409 τῇ
350 2348 472 2413 στρατείᾳ
486 2343 691 2414 προσεξήσκησεν
701 2342 875 2412 ἱππαζόμενος

70 2416 118 2472 τὰς
127 2413 263 2469 ἐπιστολὰς
273 2409 448 2480 ὑπαγορεύειν,
468 2416 512 2463 καὶ
522 2414 592 2468 δυςὶν
605 2410 674 2480 ὁμοῦ
683 2410 826 2482 γράφουσιν
836 2413 875 2470 ἐξ·

69 2489 171 2548 αρπεῐν·
191 2477 225 2537 ὥς
233 2480 263 2530 ’δὲ
270 2477 378 2537 Ὄππιός
388 2496 458 2547 φησι,
478 2477 521 2530 καὶ
530 2481 653 2531 πλείοσιν.
671 2483 771 2548 λέγεται
787 2481 816 2531 ii
831 2483 876 2530 καὶ

70 2549 101 2601 τὸ
113 2549 155 2600 διὰ
170 2544 331 2615 γραμμάτων
340 2554 397 2603 τοῖς
411 2549 495 2613 φίλους
510 2546 617 2614 ὁμιλεῖν,
636 2551 760 2618 Καίσαρα
770 2551 876 2618 πρῶτον

70 2615 284 2687 μηχανήσασθαι.
310 2616 358 2669 Ex
368 2615 573 2670 Plutiaans.
613 2641 615 2652 ·

82 2707 83 2712 ’
131 2709 134 2715 ’
254 2697 301 2752 Ea
311 2700 433 2754 oratioric
447 2700 476 2753 in
490 2700 585 2767 funere
596 2698 691 2754 Iuliae.

123 2767 264 2832 Quaestor
277 2770 375 2825 lulium
396 2773 510 2824 amitam
532 2763 701 2841 uxoremque
718 2769 874 2824 Corneliam
963 2791 966 2796 ·
