2134 3148
334 185 592 249 AFRICANO.
815 185 867 242 «ut

2 335 3 360 Ξ
60 289 253 360 piaframenti
263 289 336 356 opud
346 305 372 340 se
382 289 432 350 tit,
453 269 569 350 ‹locent3
588 288 725 371 simulque
736 295 826 353 orant,
837 300 870 344 ut

2 364 3 372 ’
62 359 113 411 aiii
126 359 293 426 praesidium
303 358 411 420 arietat,
431 373 482 425 quo
498 357 616 428 facilius
627 367 653 410 et
663 361 834 430 srarrreatrnn
844 370 871 414 et

63 429 155 496 copiae
166 445 230 480 strae
240 438 438 480 conserventur.
470 427 575 488 Quibus
589 429 729 478 Caesario
743 444 870 494 preaesen-

64 502 106 550 tia
115 499 224 566 gratias
234 499 306 566 agit,
326 496 544 564 praesidiumque
559 497 632 548 brevi
643 507 759 564 tempo-re
771 515 797 548 re
809 499 868 550 mis-
942 530 946 538 ·

63 568 259 624 sarariadixit:
278 566 496 633 cohortatusque
509 567 544 616 ad
555 583 621 618 suos
634 569 708 618 cives
720 569 797 620 iubet
807 583 868 634 pro-

65 641 158 690 ficisci.
195 638 225 688 P.
237 637 323 688 Sitius
332 637 455 697 interim,
467 651 528 686 cum
540 637 627 702 copiis
639 637 786 689 Numidiae
798 639 869 691 fines

64 710 218 774 ingressus,
235 707 387 767 castellum,
402 707 430 756 in
444 711 538 758 monte
548 707 609 756 loco
622 708 728 758 munito
738 707 874 770 locatumf

64 780 92 826 in
104 775 178 842 qood
191 777 258 827 laba
274 777 342 828 belli
363 776 479 842 gerendi
500 777 592 842 gratia
609 783 636 827 et
657 776 828 828 frumentum
840 787 870 830 et

64 862 109 897 res
126 852 248 908 ceteras,
270 862 342 914 quae
356 845 391 896 ad
407 845 510 896 bellum
527 848 589 896 usui
606 847 698 898 solent
715 861 868 910 essecom-

66 921 235 982 portarerat,
248 919 272 966 ri
285 915 469 984 expugnando
481 921 523 967 est
533 917 651 982 potitus.

104 1019 257 1078 ‚xxxva
277 1019 380 1070 Caesar
391 1025 537 1088 postquam
554 1019 712 1088 legionibus
729 1021 869 1072 veteranis

65 1091 182 1152 duabus,
203 1091 337 1158 equitatu,
359 1090 468 1159 levique
483 1097 634 1154 armatura,
656 1093 823 1157 copiassuas
835 1105 869 1142 ex

2 1172 3 1179 ’
65 1161 186 1213 secundo
199 1166 354 1212 commeatu
366 1165 491 1222 auxerat,
504 1175 588 1211 naves
598 1175 648 1211 sex
660 1162 803 1212 onerarias
814 1167 868 1210 sta·

9 1282 14 1299 ⁸
65 1233 113 1282 tim
130 1232 207 1282 iubet
221 1229 387 1296 Lilybaeum
408 1230 442 1279 ad
462 1230 602 1298 reliquunt
614 1232 763 1282 exercitum
782 1236 870 1280 trans·

66 1300 233 1371 portandum
245 1300 395 1366 proticisci:
415 1302 474 1365 ipso
485 1300 532 1352 Vl.
544 1299 607 1350 Kal.
618 1299 700 1351 Febr.
714 1302 824 1350 circiter
834 1301 872 1348 ri·

66 1373 135 1439 gilla
155 1371 244 1438 prima
263 1371 399 1436 imperat,
430 1369 622 1434 speculatores
643 1369 872 1436 adparitoresque

66 1457 163 1492 ‹rrrrnes
175 1446 206 1491 ut
222 1441 276 1490 sibi
291 1445 402 1504 praesto
417 1444 518 1490 essent.
555 1440 662 1506 ltaque,
684 1441 811 1490 omnibus
831 1439 873 1488 in·

66 1513 131 1562 sciis
145 1525 234 1578 neque
246 1509 462 1574 suspicantibus,
483 1508 578 1574 vigilia
594 1510 679 1560 tertia
689 1511 765 1560 iubet
776 1523 872 1560 irnincs

67 1583 189 1648 legiones
201 1595 236 1630 ex
247 1581 344 1629 castris
361 1578 439 1631 educi
462 1583 546 1644 atque
566 1594 595 1628 se
610 1581 739 1646 consequi
752 1577 787 1628 ad
799 1579 872 1645 oppi-

67 1652 132 1702 dum
145 1651 294 1716 Ruspinam
314 1663 421 1710 versus,
442 1649 469 1697 in
488 1661 544 1714 qno
561 1648 621 1713 ipse
641 1649 809 1712 praesidium
826 1647 873 1698 ba·

66 1723 135 1784 buit,
149 1726 176 1770 et
187 1720 262 1788 quod
270 1721 388 1786 primum
401 1717 437 1768 ad
447 1719 596 1768 amicitiam
609 1719 668 1768 eius
679 1719 802 1769 accessit.
830 1717 873 1768 ln·

67 1794 101 1844 de
113 1791 255 1857 parvulam
268 1789 470 1855 proclivitatem
484 1787 625 1853 digressus
632 1824 640 1850 ,
662 1789 777 1839 sinistra
791 1793 872 1856 parte

67 1861 158 1927 campi
168 1867 282 1927 propter
294 1875 369 1910 mare
380 1859 506 1924 legiones
517 1857 602 1907 ducit.
636 1857 689 1908 Hic
701 1874 813 1926 carirpus
827 1859 873 1907 nri·

68 1931 148 1982 rabili
161 1932 277 1997 planitie
288 1936 364 1996 patet
376 1929 453 1978 milia
465 1942 594 1994 passuum
608 1927 871 1996 quindecin13queni

6 2042 9 2050 ,
68 2005 162 2068 iugum
175 2002 282 2067 ingens,
295 2015 312 2049 a
324 2001 391 2048 inari
404 2005 496 2048 ortum
506 2012 595 2064 neque
606 1998 645 2046 ita
655 1999 819 2062 praealtum,
829 2013 872 2048 ve-

2 2065 8 2078 '
69 2079 109 2122 rot
131 2069 234 2120 theatri
256 2069 339 2120 efficit
359 2069 488 2133 speciem.
526 2065 619 2118 lnboc
634 2068 873 2134 iugocollessunt

69 2141 169 2192 excelsi
182 2141 275 2206 pauci3
293 2140 320 2187 in
337 2139 434 2205 quibos
445 2135 572 2204 singulae
583 2143 676 2187 turres
687 2137 872 2204 speculaeque

68 2211 194 2274 singulae
213 2214 371 2275 perveteres
389 2212 470 2258 erant
487 2205 652 2257 collocatae:
671 2222 788 2273 quarum
799 2205 871 2273 apud

69 2279 194 2331 ultimam
206 2279 374 2346 praesidium
385 2283 414 2328 et
425 2277 510 2327 statio
521 2275 576 2328 fuit
587 2274 734 2342 Scipionis.

1 2437 5 2450 ,
120 2381 272 2435 XXXVlll.
292 2381 441 2448 Postquam
462 2380 566 2431 Caesar
585 2378 621 2430 ad
641 2381 745 2448 iugum,
766 2379 872 2447 dequo

2 2503 3 2508 ,
68 2453 159 2515 docui,
180 2452 325 2504 adscendit
336 2452 458 2518 atquein
470 2465 694 2518 unumquemque
707 2451 804 2502 collem
814 2455 872 2500 tur·

69 2539 112 2574 res
124 2522 297 2589 castellaque
308 2521 400 2574 facere
411 2521 516 2586 coepit,
537 2523 632 2587 (atque
645 2535 678 2571 ea
689 2522 779 2570 minus
790 2518 873 2570 serni·

68 2590 137 2644 nora
151 2591 255 2654 effecit}
277 2598 306 2643 et
327 2596 473 2658 postquam
492 2606 548 2640 non
563 2591 605 2640 ita
620 2588 703 2656 longe
721 2591 755 2640 ab
771 2589 871 2640 ultimo

68 2661 139 2714 colle
150 2663 276 2730 turrique
288 2659 355 2723 fuit,
376 2676 446 2726 quae
464 2661 590 2726 proxima
599 2657 653 2712 fuit
665 2662 764 2711 eastris
775 2657 871 2711 adrer-

69 2733 219 2798 rariorum,
241 2732 271 2784 in
287 2747 342 2804 qua
357 2731 438 2784 docui
453 2745 515 2784 esse
531 2730 698 2798 praesidium
709 2731 872 2783 stationem
