2168 3134
359 163 509 232 orauit·
529 181 602 234 vir.
831 179 881 232 rer

67 298 108 336 ea
118 281 285 348 viarumque
300 280 449 334 difficultas
464 285 649 352 impediebat,
677 290 737 335 tum
750 284 881 348 maxime,

68 352 148 422 quod
165 353 297 404 abiuncto
312 353 438 404 Labieno
453 360 537 420 atque
551 355 588 406 iis
607 355 779 422 legionibus,
811 369 880 420 quas

68 438 130 474 una
141 423 267 483 miserat,
277 420 458 474 vehementer
467 425 594 475 timebat.
615 425 720 490 ltaque,
731 422 880 474 admodum

68 492 186 561 magnis
197 491 305 542 diurnis
314 498 397 559 etque
409 494 554 544 nocturnis
565 494 716 545 itineribus
730 493 880 556 conlectis,

68 569 174 615 eontra
184 563 306 612 omnium
318 562 478 629 opinionem
490 563 526 614 ad
536 563 661 630 Ligerim
672 562 815 630 pervenit3
833 577 880 612 ra·

68 633 167 699 doque
181 646 233 698 per
249 632 359 698 equites
374 632 503 694 invento,
530 647 582 699 pro
594 633 637 683 rei
653 631 821 690 neeessitate
833 647 881 698 op·

69 708 207 770 portuno,
217 705 249 750 ut
257 699 372 752 brachia
382 701 465 753 modo
476 709 560 770 atque
571 701 680 754 humeri
692 701 727 752 ad
738 701 880 752 sustinen-

71 774 109 822 da
120 785 201 822 arma
211 770 295 821 liberi
306 772 340 820 ab
350 786 423 837 equa
433 787 497 823 esso
506 777 633 839 possent,
653 771 793 844 disposito
804 771 880 836 cqui-

71 848 150 903 tatu‚
183 840 230 906 qui
243 841 298 890 rim
308 839 432 891 lluminis
443 840 627 908 refringeret,
655 848 740 908 atque
751 839 880 892 hostibus

68 911 165 978 primo
177 909 310 975 adspectu
322 910 508 976 perturbetis,
539 910 708 962 ineolumem
725 910 880 962 exercitum

72 979 249 1031 transduxit:
278 978 504 1047 frumentumque
518 980 549 1031 in
565 981 643 1048 agris
664 986 692 1032 et
706 980 819 1046 peeoris
835 994 881 1031 co·

71 1050 150 1117 piam
162 1053 274 1111 nactus,
297 1050 405 1116 repleto
417 1050 453 1100 iis
464 1051 548 1101 rebus
559 1051 698 1113 exercitu,
722 1050 819 1102 iterio
830 1048 880 1101 Se·

73 1133 166 1170 nonas
178 1117 271 1170 lacere
282 1119 415 1170 instituit.

127 1188 215 1240 LVll.
232 1187 304 1238 Dum
317 1187 387 1240 haec
396 1189 470 1255 apud
479 1191 628 1241 Caesarem
643 1195 795 1258 geruntur,
826 1186 879 1240 La·

74 1258 177 1310 bienus
189 1272 223 1308 eo
235 1256 445 1324 supplemento,
474 1259 548 1325 quod
559 1274 649 1326 nuper
660 1273 693 1310 ex
704 1258 787 1310 ltalia
797 1272 880 1308 rene·

74 1334 129 1389 rat,
149 1326 250 1377 relicto
261 1327 411 1394 Agendiei‚
429 1334 462 1379 ut
470 1335 547 1380 esset
555 1328 764 1395 impedimentis
772 1327 881 1394 praesi-

75 1397 133 1458 dio,
154 1411 215 1448 cum
226 1406 346 1463 quotuor
356 1397 516 1466 legionibus
528 1398 672 1464 Lutetiam
684 1396 881 1464 proficiscitur.

76 1467 106 1518 ld
119 1471 164 1516 est
174 1466 304 1532 oppidum
315 1465 496 1530 Parisiorum,
516 1468 638 1533 positum
649 1467 678 1517 in
689 1466 783 1517 insule
791 1463 880 1516 ilumi·

76 1536 122 1587 nis
133 1535 288 1601 Sequanae.
326 1536 411 1588 Cuius
427 1536 547 1589 adventu
564 1539 599 1590 ab
614 1535 743 1604 hostibus
754 1533 880 1602 cognito,

78 1619 196 1672 nrsgnae
208 1606 380 1658 exvlinitimis
391 1607 552 1659 civitatibus
571 1607 668 1674 copiae
678 1609 880 1656 convenerunt.
926 1623 927 1626 ¹

72 1675 192 1733 Sunrmo
202 1675 315 1742 imperii
325 1676 679 1744 transditurCemulogeno
686 1673 813 1736 Auletes,
824 1674 881 1740 qui,

77 1759 164 1812 prope
181 1743 325 1800 coniectus
343 1751 449 1809 aetate,
476 1752 572 1799 tamen
581 1749 697 1813 propter
707 1743 880 1812 singularem

79 1813 225 1870 seientiam
237 1814 280 1868 rei
290 1815 421 1868 militaris
431 1817 534 1868 adeum
547 1814 731 1868 esthonorem
741 1818 881 1868 evocatus.

79 1884 104 1936 ls
116 1897 199 1950 quum
210 1885 333 1936 aninmm
344 1881 531 1951 advertisset‚.
552 1891 717 1953 perpetuam
729 1898 792 1936 esse
802 1882 880 1950 palu·

79 1953 151 2015 dem,
162 1968 233 2020 quae
242 1953 376 2008 influeret
385 1955 414 2007 in
422 1954 577 2023 Sequanam
589 1961 672 2022 atque
681 1953 761 2008 illum
768 1968 880 2008 omnent

78 2024 168 2079 locum
180 2037 348 2090 magnopere
359 2025 524 2090 impediret,
555 2025 601 2078 hic
616 2023 889 2077 tauretunensis.

80 2093 265 2161 quetr·unsitu
276 2091 425 2160 prohibere
435 2095 568 2148 instituit.
829 2139 832 2144 .
877 2139 880 2146 .

131 2163 228 2216 LVlll.
239 2162 380 2218 Labienus
390 2165 481 2231 primo
492 2166 587 2217 rineas
598 2165 694 2232 egere,
705 2161 829 2214 cratibus
840 2165 881 2211 at-

80 2249 132 2300 que
144 2247 247 2300 aggere
257 2234 386 2300 paludem
398 2234 510 2301 explere
521 2241 604 2301 atque
614 2236 671 2287 iter
681 2232 791 2284 munire
798 2244 879 2281 eona·

79 2303 170 2356 batur.
189 2301 338 2370 Postquam
350 2303 379 2356 id
390 2303 532 2356 diliieilius
543 2304 660 2356 confieri
675 2299 881 2359 animadvertit.

79 2372 192 2428 silentio
205 2386 220 2424 e
232 2373 331 2427 eastris
342 2375 429 2426 tertia
440 2373 537 2441 vigilio
543 2388 688 2441 egressus,
703 2369 809 2429 eodem,
825 2382 879 2435 quo

81 2447 204 2505 venerat,
213 2441 317 2495 itinere
324 2442 509 2498 Melodunum
518 2443 652 2509 pervenit.
663 2440 694 2493 ld
699 2447 742 2492 est
747 2437 878 2506 oppidum

83 2511 234 2573 Senonum,
258 2513 401 2570 ininsula
420 2512 566 2580 Sequanae
581 2512 716 2578 positum,
741 2517 774 2562 ut
786 2507 879 2577 paullo

80 2586 144 2634 cute
158 2581 300 2634 Lutetiam
315 2582 447 2634 diximus.
483 2579 675 2650 Deprehensis
696 2581 812 2634 navibus
826 2578 879 2630 clr-

82 2652 150 2706 citer
159 2649 183 2700 L
194 2650 379 2720 celeriterque
394 2653 564 2715 coniunctis,
594 2659 677 2720 atque
693 2667 726 2704 eo
742 2648 878 2704 militibus

54 2727 57 2732 '
82 2721 227 2841 immiteis,
245 2727 274 2773 et
285 2722 326 2774 rei
338 2723 463 2775 novitate
473 2723 629 2789 perterritis
641 2722 797 2792 oppidanis,
813 2731 866 2786 quo

114 2795 172 2845 lut„
206 2804 264 2843 ras.
389 2813 395 2830 ι
641 2792 670 2844 Μ
