2168 3134
355 152 511 205 LIBER
545 153 634 206 vlit
699 163 702 171 '
848 149 900 204 21⁵

101 255 139 308 ad
153 272 202 310 eos
216 256 429 324 persequendos
445 256 602 320 contendit,
631 271 666 308 ne
682 256 718 307 de
730 256 901 308 detrimento

102 333 151 378 aut
161 330 262 378 timore
279 329 436 392 provinciae
452 342 555 394 magna
568 326 696 386 infamia,
728 325 901 392 perditorum

102 398 243 449 nominum
255 395 417 458 latrociniis,
440 401 595 463 caperetur.

96 529 99 534 ἱ
158 465 256 517 xxxi.
274 466 302 516 C.
315 465 416 517 Fabius
427 481 488 516 cum
500 466 609 532 reliquo
625 464 788 516 exercituin
801 463 903 514 Carnu-

104 542 148 586 tes
171 542 330 601 ceterasque
356 536 541 601 proficiscitur
559 537 708 596 civitates,
729 548 846 601 quarum
870 547 903 584 eo

105 603 223 671 praelio,
238 603 386 672 quodcum
398 604 542 656 Dumnaco
554 603 669 665 fecerat,
685 603 778 669 copias
790 617 850 654 esse
862 617 905 652 ac·

105 675 179 725 cisas
190 673 305 725 sciebat:
332 678 473 725 nonenim
485 674 643 734 dubitabat,
665 674 732 739 quin
744 672 852 723 recenti
864 687 905 721 ca-

107 743 231 794 lamitate
243 742 436 794 submissiones
448 750 543 796 essent
555 743 680 804 futurae3
692 744 757 793 dato
768 757 834 792 rero
846 755 906 807 spa-

106 813 147 863 tio
159 827 191 864 ac
205 819 342 879 tempore,
365 811 463 863 eodem
479 814 602 874 instante
614 812 770 871 Dumnaco,
791 816 906 877 possent

108 883 251 932 concitari.
283 881 344 943 Qua
354 882 383 932 in
395 897 427 932 rc
438 897 545 933 summa
555 881 673 933 felicitas
685 881 869 948 celeritasque
878 881 904 928 in

108 950 273 1018 recipiendis
295 951 452 1002 civitatibus
472 952 586 1004 Fabium
610 953 798 1018 consequitur.
836 949 906 1002 Nam

99 1020 260 1090 'Carnutem
283 1021 328 1087 qui
339 1035 422 1086 saepe
435 1023 525 1072 vexati
538 1036 685 1088 numquam
696 1022 771 1088 pacis
782 1017 907 1072 fecerant

109 1091 287 1152 mentionem,
304 1089 376 1140 datis
388 1090 536 1153 obsidibus,
557 1092 710 1142 r‘eniuntin
723 1090 906 1150 deditioncm3

99 1163 274 1226 'ceteraeque
286 1160 425 1222 civitates,
448 1164 555 1227 positae
566 1162 595 1210 in
608 1160 715 1211 ultimis
727 1160 837 1212 Galliae
848 1159 907 1209 tioi-

106 1230 169 1291 bus,
191 1228 301 1279 Oceano
313 1231 492 1293 coniunctae,
515 1245 585 1298 quae
596 1230 755 1281 Armoricae
766 1228 920 1296 adpellan-¹

108 1302 163 1359 tur,
184 1299 350 1349 auctoritate
363 1299 500 1351 adductae
512 1301 678 1361 Carnutum,
700 1299 818 1350 adventu
830 1297 907 1348 Fabii

99 1361 304 1434 'legionumque
323 1363 529 1434 impe'ratasine
544 1383 623 1420 mora
634 1367 749 1419 faciunt.
787 1367 907 1418 Dumna-

108 1452 170 1499 cus,
191 1438 248 1486 suis
258 1436 360 1488 finibus
373 1438 520 1503 expulsus,
542 1452 639 1488 errans
651 1438 820 1504 latitansque
832 1435 908 1486 solus
982 1487 983 1496 ,

99 1503 249 1558 'extremas
263 1505 371 1557 Galliae
381 1509 508 1574 regiones
520 1512 615 1572 petere
628 1511 670 1557 est
679 1512 800 1557 coactus.

161 1575 273 1626 XXXll.
291 1576 327 1624 At
342 1576 481 1642 Drappes,
507 1590 617 1642 unaque
633 1574 793 1637 Lucterius,
824 1589 907 1642 quum

109 1645 237 1712 legiones
249 1645 450 1714 Caniniumque
467 1644 566 1696 adesse
578 1650 793 1712 cognoscerent,
814 1659 866 1694 nec
878 1659 909 1695 se

108 1716 168 1765 sine
180 1719 257 1764 certa
268 1716 402 1780 pernicie,
425 1720 609 1782 persequente
621 1714 758 1776 exercitu,
776 1720 910 1781 putarent

110 1785 266 1851 provinciae
279 1782 348 1834 fines
364 1785 469 1835 intrare
484 1798 579 1851 posse3
608 1800 658 1836 nec
672 1785 728 1835 iam
740 1785 855 1836 liberam
865 1798 909 1834 ra·

108 1852 192 1921 gandi
205 1852 469 1922 latrociniorumque
485 1853 673 1906 faciendorum
687 1854 850 1906 facultatem
862 1851 910 1905 ha·

108 1925 216 1985 herent,
237 1925 390 1974 consistunt
400 1927 428 1974 in
439 1927 513 1992 agris
525 1924 719 1977 Cadurcorum.
758 1925 808 1987 lbi,
825 1939 908 1990 quum
923 1933 926 1950 ¹

104 1991 257 2044 ‘Lucterius
269 1992 342 2058 apud
354 2009 419 2044 suos
431 1996 518 2057 cives,
540 1994 677 2061 quondam
689 1996 806 2062 integris
817 1994 909 2054 rebus,

109 2063 227 2113 multum
237 2064 387 2128 potuisset,
417 2078 581 2131 semperque
593 2071 690 2124 auctor
702 2078 833 2115 novorum
847 2078 909 2113 con-

109 2132 233 2182 siliorum
246 2146 371 2199 magnam
387 2132 459 2199 apud
474 2133 607 2184 barbaros
622 2135 815 2187 auctoritatem
828 2129 908 2182 habe·

109 2207 162 2265 ret,
174 2199 305 2268 oppidum
317 2201 531 2264 Uxellodunum,
550 2202 624 2268 quod
635 2204 663 2252 in
675 2202 805 2252 clientela
816 2198 909 2252 fuerat

108 2272 182 2332 eius,
204 2275 305 2322 natura
314 2268 368 2321 loci
381 2271 494 2339 egregie
506 2272 655 2333 munitum,
682 2276 798 2337 occupat
809 2269 867 2320 suis
879 2276 908 2321 et

108 2341 254 2406 Drappetis
265 2339 351 2406 copiis
363 2339 569 2409 oppidanosque
581 2341 632 2390 sibi
645 2341 797 2408 coniungit.

161 2409 288 2460 XXXlll.
308 2409 369 2470 (luo
382 2425 465 2477 quum
478 2409 623 2461 confestim
638 2411 667 2460 C.
680 2410 810 2460 Caninius
819 2409 907 2466 venis·

108 2485 152 2530 set
163 2479 460 2547 animadverteretque,
480 2494 575 2529 omnes
587 2479 678 2547 oppidi
691 2485 907 2545 partespraeru-

108 2550 241 2616 ptissimis
252 2549 326 2599 saxis
339 2564 399 2601 esse
410 2551 539 2611 munitas,
560 2565 623 2618 quo,
639 2547 807 2600 defendente
820 2547 914 2610 nullo,¹

107 2625 200 2670 tamen
212 2620 327 2668 armatis
339 2618 506 2670 adscendere
519 2624 594 2670 esset
605 2617 728 2682 difficile3
750 2633 851 2686 magna
862 2633 907 2668 au·

107 2697 164 2740 tem
175 2687 374 2754 impedimenta
386 2684 585 2755 oppidanorum
598 2689 714 2754 rideret,
726 2688 906 2758 quaesiclan·
