2152 3144
70 131 75 144 ’
170 165 221 217 sas
387 167 442 218 ou
463 163 605 219 neruo
629 167 766 222 crvrur

168 285 218 338 per
234 267 374 324 Vatinium
384 270 414 322 in
424 269 575 338 colloquiis,
594 277 662 338 onoc
670 287 721 338 per
732 271 765 324 A.
779 265 901 322 moriam
910 285 976 323 cam

157 383 158 387 ,
172 339 295 408 Scipione
306 342 412 408 egisset,
431 340 527 405 antioc
537 341 620 392 modio
632 339 789 395 odoricum
800 355 857 390 crem
867 339 976 392 Libone

157 411 201 460 ‘de
216 409 353 462 rrn'ttendio
373 410 470 478 legatie
490 411 681 462 contendisset:
698 425 783 476 aeque·
801 425 828 460 se
848 422 977 476 remqrrom

170 478 248 531 atari
258 479 374 532 militnm
385 479 527 548 congestae,
545 495 628 545 neqncc
637 481 826 548 rempublicam
836 481 975 541 alterutro

170 549 292 600 ercrcitn
307 549 421 616 prioorc
432 549 552 601 voluisse.
589 551 649 600 liae
659 548 755 601 habita
767 549 902 611 oratione,
925 561 974 599 ex·

138 661 140 665 ,
158 621 350 684 poscentibus
368 619 501 670 militibus
513 626 541 671 et
555 621 649 671 studio
670 626 777 688 pugnae
800 617 974 680 ardentibus,

161 689 236 739 tuba
251 688 458 756 signumdetlit.
488 681 495 698 ⁸

220 758 291 809 XCl.
308 759 379 810 Erat
391 759 535 810 Crastinus
547 765 676 810 evocatus
691 760 719 810 in
735 759 859 810 exercitu
872 756 973 808 Carsa-
1056 811 1057 838 ,

163 830 220 890 ris,
236 829 283 896 qui
298 829 445 893 superiore·
457 841 530 879 anno
545 827 617 896 apud
633 845 696 880 euni
713 831 829 895 primunr
842 827 927 896 pilum
942 827 970 876 in
1056 839 1057 860 r

167 897 277 964 legione
289 898 397 948 decima
408 897 540 962 duxerat,
560 901 603 948 vir
612 899 746 966 singulari
758 900 872 948 virtute.
908 897 971 957 llic,
1056 911 1057 952 l

167 969 246 1032 signo
258 967 332 1030 dato,
344 967 493 1032 Sequimini
504 981 552 1032 one,
561 969 659 1035 lnquit,
670 969 852 1036 oronipulareo
862 969 914 1020 inci
923 964 973 1038 qui

161 1035 270 1108 fuistis,
287 1045 412 1089 etrcotro
423 1037 590 1106 inperatori,
610 1055 689 1106 quarn
701 1037 888 1102 constituistis,
912 1053 970 1104 ope·

118 1137 131 1170 ,¹
165 1121 224 1157 roro
235 1106 311 1157 dote:
330 1123 410 1159 arrum
421 1106 468 1158 boc
479 1107 613 1174 proelium
623 1109 757 1175 superest,
778 1124 828 1174 qao
838 1107 970 1178 conserto,

165 1184 193 1226 et
202 1174 248 1227 ille
258 1191 335 1227 soom
346 1177 507 1247 dignitatem
513 1214 520 1240 ‚
541 1185 568 1228 ei
578 1193 625 1228 nos
635 1185 756 1229 nostram
766 1175 918 1228 libertatem
929 1193 969 1228 re·

162 1245 358 1311 cooperabimur.
396 1247 484 1298 Simul
501 1247 649 1314 respiciens
666 1248 811 1298 Caesarem
818 1283 826 1309 ‚
848 1245 968 1308 Focimn,

164 1315 264 1382 inquit,
277 1315 362 1379 leodic,
382 1315 539 1383 imperator,
550 1326 582 1367 ui
590 1327 639 1368 aut
649 1315 708 1368 oioo
718 1315 793 1380 milei,
805 1325 855 1367 oret
864 1324 967 1366 rnortuo

162 1384 275 1452 gratim
285 1401 361 1454 ogas.
389 1388 467 1438 llaec
477 1401 558 1454 quum
572 1387 695 1448 dixisset,
708 1388 811 1452 primus
822 1399 856 1438 ex
868 1385 967 1436 dextro

165 1468 252 1506 cornu
265 1459 445 1522 procucurrit,
468 1463 550 1522 atque
567 1472 627 1508 euni
645 1456 725 1508 electi
742 1456 846 1506 milites
859 1457 968 1506 circiter

164 1530 316 1576 consumet
326 1527 424 1594 viginti
439 1525 589 1577 uoluntarii
606 1525 729 1577 eiusdem
745 1527 887 1577 centuriae
902 1530 967 1576 suni

164 1595 310 1660 prosecuti.
427 1641 433 1652 ,
717 1657 720 1662 Δ

215 1663 296 1714 XGll.
320 1665 397 1714 lntcr
407 1664 476 1714 duas
488 1666 561 1714 acies
573 1668 682 1714 tanturn
696 1667 757 1712 erat
766 1663 892 1714 relictum
904 1673 966 1728 spa·

163 1733 209 1793 tii,
230 1736 261 1781 ut
271 1733 339 1781 satis
351 1738 424 1784 esset
435 1733 471 1783 ad
481 1747 644 1784 concursum
656 1730 800 1798 utriusque
811 1729 964 1783 exereitus:

117 1861 120 1864 Ι
161 1801 210 1850 sed
222 1799 369 1866 Pompeius
380 1804 436 1851 suis
447 1803 638 1867 praedixerat,¹
652 1807 684 1851 ut
694 1801 820 1851 Caesaris
832 1802 962 1866 impetum

163 1869 331 1934 exciperent,
339 1884 407 1922 nore
418 1885 447 1922 se
457 1871 518 1921 loeo
530 1875 674 1921 moverent
685 1872 826 1936 aciemque
839 1870 898 1920 eius
910 1869 964 1919 dis·

162 1936 235 1989 trabi
247 1944 425 2005 paterentur:
444 1940 527 2006 idque
543 1940 686 1991 admonitu
702 1941 730 1992 C.
741 1939 845 1991 Triarii
865 1937 963 1992 fecisse

162 2009 313 2072 dicebatur,
330 2015 362 2059 ut
372 2010 476 2077 primus
488 2024 620 2060 excursus
630 2012 726 2078 visque
736 2009 855 2060 militurn
867 2009 962 2059 inirin-

161 2083 277 2147 geretur
288 2079 416 2148 aciesque
428 2079 644 2143 distenderetur,
657 2087 739 2148 atque
750 2079 778 2128 in
791 2081 848 2130 suis
861 2078 962 2130 ordini·
1049 2077 1057 2100 “

162 2150 212 2201 bus
224 2150 349 2216 dispositi
362 2149 500 2217 dispersos
510 2150 702 2201 adorirentur:
715 2151 856 2216 leviusque
867 2163 962 2200 casura

162 2220 218 2286 pila
229 2220 368 2286 sperabat,
383 2223 411 2271 in
422 2219 483 2272 loco
495 2222 613 2272 retentis
625 2220 770 2283 militibus,
782 2234 862 2286 quam
874 2220 897 2270 si
910 2217 961 2286 ipsi

161 2291 290 2341 immissis
302 2290 364 2342 telis
376 2294 574 2343 occurrissent:
592 2290 675 2342 simul
684 2289 755 2354 tore,
771 2294 810 2350 ut,
823 2289 960 2355 duplicato

161 2375 253 2422 eursu,
269 2361 394 2412 Caesaris
404 2361 508 2414 milites
520 2363 747 2412 exanimarentur
759 2364 788 2408 ct
798 2357 960 2410 lassitudine

161 2429 373 2480 conficerentur.
409 2432 489 2493 Quod
503 2431 581 2483 nobis
596 2431 704 2498 quidem
717 2428 910 2481 nullaratione
921 2425 959 2478 la·

160 2503 233 2547 ctum
244 2513 261 2548 a
273 2498 403 2564 Pompeio
423 2501 544 2563 ridetur,
564 2507 712 2568 propterea
733 2495 806 2572 quod
822 2508 864 2548 est
878 2511 958 2566 quao-

159 2565 221 2614 danr
233 2569 318 2617 artioni
333 2571 460 2620 incitatio
471 2571 696 2638 atquealacritas
708 2567 874 2621 naturaliter
884 2569 957 2617 inna-

159 2637 334 2698 taumnibus,
357 2653 427 2704 quae
448 2640 539 2690 studio
557 2653 665 2706 pugnae
682 2636 845 2692 incenditur.
880 2637 958 2688 llario

161 2716 215 2751 non
225 2706 394 2771 reprimere,
413 2708 462 2760 scd
473 2723 574 2776 augere
585 2711 769 2776 imperatores
781 2707 892 2772 debent,
913 2721 956 2758 no·
