2152 3144
210 178 267 230 388·
395 179 426 228 A.
447 173 589 228 tillt'rll
608 177 663 228 DE
683 174 824 227 BELLO

210 289 238 336 ct
247 281 303 332 illie
314 281 456 332 triremem
468 279 588 331 hostium
599 279 772 346 perforasset
781 294 814 330 ae
820 278 1020 331 demersisset

210 353 363 420 proximam
378 351 512 418 longius
504 361 667 412 insecutus,
691 363 789 416 parum
800 349 949 401 celeriter'
941 365 1019 400 inse-

209 422 358 490 quentibus
374 421 504 489 reliquis,
537 420 740 470 circumventus
760 420 795 470 ab
817 418 1019 470 Alexandrinis

209 500 259 564 cst
293 493 345 542 Cui
357 491 509 542 subsidium
521 505 602 542 nemo
614 489 692 552 tulit3
704 492 760 540 sive
773 488 864 571 quqd'
856 504 885 538 rn
897 489 959 554 ipso
972 504 1018 539 sa·

209 564 246 614 tis
265 560 398 630 praesidii
420 575 471 627 pro
487 561 595 610 virtute
606 575 638 610 ae
655 558 788 611 felicitate
805 559 864 610 eius
880 566 1020 624 putarent

210 644 285 694 esse,
313 631 371 681 sive
387 630 479 698 quod'
473 631 523 695 ipsi
538 630 591 680 sibi
602 629 747 680 timebant.
783 629 879 696 ltaque
891 643 964 678 unus
979 641 1019 678 ex

211 701 338 752 omnibus
349 715 382 750 eo
396 700 502 766 proelio
519 700 589 750 bene
601 714 660 750 rem
675 701 776 766 gessit,
804 700 880 749 solus
890 712 951 748 cunr
962 712 1017 746 sua

211 771 379 838 quadriremi
393 771 503 821 victrice
513 769 634 834 periit·

262 839 362 890 XXVl.
381 839 437 890 Sub
453 838 528 889 idem
547 843 657 905 tempus
671 835 851 888 Mithridates
868 835 1004 902 Pergame

212 925 278 972 nus,
295 923 361 974 mag
364 923 414 958 nae
425 907 580 958 nobilitatis
592 909 680 972 donri,
701 907 906 972 scientiaeque
898 921 926 955 in
939 905 1017 956 bello

211 985 240 1030 et
254 977 381 1038 virtutis,
407 978 473 1027 tidei
485 976 701 1044 dignitatisque
694 994 720 1026 m
738 977 862 1026 amicitia
877 976 1016 1036 Caesaris,

210 1049 310 1098 missus
322 1048 350 1096 in
363 1045 473 1112 Syriam
480 1047 660 1114 Ciliciamque
670 1047 750 1098 initio
762 1045 1015 1098 belliAlexandrini

142 1167 143 1172 ,
210 1117 246 1168 ad
256 1117 363 1168 auxilia
372 1115 673 1183 arcessenda,magnas
684 1118 786 1182 copias,
798 1129 866 1183 quas
872 1114 1017 1178 celeriter,

211 1194 241 1239 et
250 1187 467 1253 propensissime
477 1187 619 1236 civitatum
630 1187 784 1248 voluntate,
796 1191 825 1236 et
835 1199 886 1236 sua
897 1183 1018 1251 diligen-

211 1260 264 1319 tia,
295 1256 467 1320 coniecerat,
492 1256 592 1307 itinere
602 1257 736 1322 pedestri,
768 1271 822 1323 quo
834 1255 1018 1322 coniungitur

210 1329 354 1394 Aegyptus
366 1325 474 1392 Syriae,
485 1324 625 1376 Pelusium
639 1325 762 1376 adducite
780 1325 862 1392 idque
874 1325 1017 1390 oppidum,

210 1399 292 1448 firmo
303 1396 440 1462 praesidio
452 1401 613 1460 occupatum
624 1394 747 1447 Achillae
758 1401 872 1461 propter
884 1400 1018 1460 opportu-

210 1468 326 1518 nitatem
338 1466 399 1528 locl,
410 1469 540 1532 (namque
554 1472 612 1517 tota
622 1469 764 1533 Aegyptus
774 1467 913 1516 maritimo
925 1479 1019 1514 acc-ee·

210 1552 243 1588 su
254 1535 361 1598 Pharo,
381 1535 504 1602 pedestri
516 1535 638 1600 Pelusio,
659 1537 736 1587 velut
746 1535 887 1596 claustris,
907 1536 1020 1584 munita

211 1606 402 1666 existimatur)
425 1611 538 1670 repente
564 1607 670 1674 magnis
696 1604 894 1656 circumdatum
917 1604 1020 1670 copiis,

209 1675 356 1741 multiplici
368 1674 505 1741 praesidio
521 1678 701 1740 pertinaciter
716 1674 969 1741 propugnantibus,
989 1679 1020 1722 et

211 1747 352 1809 copiarum
365 1744 569 1809 magnitudine,
594 1760 661 1812 quas
671 1746 794 1810 integras
804 1743 960 1793 vulneratis
972 1743 1020 1792 de·

212 1813 348 1880 fessisque
359 1813 532 1875 subiiciebat,
544 1819 572 1863 et
583 1813 790 1881 perseverantia
800 1813 1019 1879 constantiaque

211 1881 397 1948 oppugnandi,
419 1895 472 1947 quo
484 1881 528 1931 die
540 1889 583 1934 est
594 1883 755 1948 adgressus,
775 1882 801 1930 in
813 1893 891 1930 suam
901 1881 1020 1950 redegit

211 1957 378 2018 potestatem
391 1950 613 2018 praesidiumque
624 1953 660 2002 ibi
672 1967 752 2002 suum
765 1949 918 2000 collocarit.
937 1951 1018 2012 lude,

213 2038 242 2075 re
251 2022 322 2073 bene
333 2025 427 2088 gesta,
448 2019 643 2071 Alexandriam
656 2021 691 2071 ad
703 2022 848 2072 Caesarem
860 2022 1020 2083 contendit,

209 2105 362 2157 omnesque
374 2103 420 2140 eas
427 2091 568 2156 regiones,
578 2104 627 2156 per
638 2105 705 2158 quas
716 2094 771 2142 iter
779 2089 910 2152 faciebat,
921 2099 1020 2142 aucto·
1067 2129 1068 2136 κ

212 2164 294 2216 ritate
305 2176 353 2220 ea,
373 2174 444 2226 quae
454 2159 617 2229 plerumque
629 2161 830 2225 adestrictori,
851 2165 968 2229 pacaret
978 2167 1018 2212 at·

212 2233 302 2300 quein
314 2231 463 2282 amicitiam
475 2229 602 2282 Caesaris
611 2231 769 2314 redegerat.

263 2300 378 2353 xxvn.
397 2299 490 2350 Locus
501 2300 614 2352 estsere
625 2305 771 2368 regionum
782 2301 892 2351 illarum
903 2300 1017 2351 nobilis-

212 2365 313 2433 simus,
333 2373 388 2420 non
404 2370 446 2420 ita
455 2369 538 2436 longe
550 2372 584 2422 ab
595 2371 779 2434 Alexandria,
800 2371 846 2438 qui
857 2371 1020 2422 nominatur

213 2442 308 2503 Delta,
316 2439 393 2507 quod
404 2453 504 2491 nomen
516 2455 533 2490 a
544 2439 725 2493 similitudine
737 2442 938 2522 litteraccepit:
949 2455 1018 2490 nam

212 2525 276 2576 pars
288 2509 425 2576 quaedam
441 2507 561 2561 llumlnis
572 2511 645 2573 Nili,
665 2513 739 2563 mire
755 2511 878 2563 derivata
891 2511 966 2560 inter
976 2523 1018 2570 se,

212 2579 320 2629 drrobus
332 2579 482 2638 itineribus
491 2580 638 2662 paullatim
646 2582 770 2633 medium
782 2579 1016 2644 intersespatium

213 2647 383 2714 relinquens,
395 2631 442 2696 dir
443 2661 474 2696 cr
475 2649 583 2700 sissimo
595 2649 630 2701 ad
643 2651 711 2702 litus
721 2649 1016 2702 intervallomarieon·

202 2716 346 2778 'iurrgitun
363 2715 414 2768 cm
424 2714 487 2766 luco
498 2733 582 2785 quum
595 2719 819 2787 adpropinquare
830 2717 1015 2772 Mithridaten
