<?xml version="1.0" encoding="UTF-8"?>
<!DOCTYPE html PUBLIC "-//W3C//DTD XHTML 1.0 Transitional//EN"
    "http://www.w3.org/TR/xhtml1/DTD/xhtml1-transitional.dtd">
<html xmlns="http://www.w3.org/1999/xhtml" xml:lang="en" lang="en">
 <head>
  <title>
</title>
<meta http-equiv="Content-Type" content="text/html;charset=utf-8" />
  <meta name='ocr-system' content='tesseract 3.04.00' />
  <meta name='ocr-capabilities' content='ocr_page ocr_carea ocr_par ocr_line ocrx_word'/>
</head>
<body>
  <div class='ocr_page' id='page_1' title='image "./cjuliicaesarisc05caesgoog_0250.png"; bbox 0 0 2168 3134; ppageno 0'>
   <div class='ocr_carea' id='block_1_1' title="bbox 181 142 780 212">
    <p class='ocr_par' dir='ltr' id='par_1_1' title="bbox 181 142 780 212">
     <span class='ocr_line' id='line_1_1' title="bbox 181 142 780 212; baseline -0.008 -14"><span class='ocrx_word' id='word_1_1' title='bbox 181 147 241 200; x_wconf 77' lang='lat'><strong>240</strong></span> <span class='ocrx_word' id='word_1_2' title='bbox 406 145 462 196; x_wconf 83' lang='lat' dir='ltr'><strong>DE</strong></span> <span class='ocrx_word' id='word_1_3' title='bbox 480 143 626 195; x_wconf 78' lang='lat' dir='ltr'><strong>Buuuo</strong></span> <span class='ocrx_word' id='word_1_4' title='bbox 642 142 780 212; x_wconf 32' lang='lat' dir='ltr'><strong>,elvini</strong></span> 
     </span>
    </p>
   </div>
   <div class='ocr_carea' id='block_1_2' title="bbox 166 247 994 2752">
    <p class='ocr_par' dir='ltr' id='par_1_2' title="bbox 173 247 994 864">
     <span class='ocr_line' id='line_1_2' title="bbox 188 247 992 318; baseline 0 -16"><span class='ocrx_word' id='word_1_5' title='bbox 188 254 364 318; x_wconf 74' lang='lat' dir='ltr'><strong>comportare</strong></span> <span class='ocrx_word' id='word_1_6' title='bbox 379 247 557 315; x_wconf 87' lang='lat' dir='ltr'><strong>reliquasque</strong></span> <span class='ocrx_word' id='word_1_7' title='bbox 574 249 667 314; x_wconf 88' lang='lat' dir='ltr'><strong>copias</strong></span> <span class='ocrx_word' id='word_1_8' title='bbox 683 253 844 312; x_wconf 82' lang='lat' dir='ltr'><strong>exspectare</strong></span> <span class='ocrx_word' id='word_1_9' title='bbox 858 250 992 302; x_wconf 78' lang='lat' dir='ltr'><strong>instituit.</strong></span> 
     </span>
     <span class='ocr_line' id='line_1_3' title="bbox 187 316 993 385; baseline -0.001 -13"><span class='ocrx_word' id='word_1_10' title='bbox 187 322 229 372; x_wconf 87' lang='lat' dir='ltr'><strong>Eo</strong></span> <span class='ocrx_word' id='word_1_11' title='bbox 240 320 334 371; x_wconf 87' lang='lat' dir='ltr'><strong>triduo</strong></span> <span class='ocrx_word' id='word_1_12' title='bbox 350 318 423 384; x_wconf 82' lang='lat' dir='ltr'><strong>legio</strong></span> <span class='ocrx_word' id='word_1_13' title='bbox 435 317 497 369; x_wconf 89' lang='lat' dir='ltr'><strong>Vlll</strong></span> <span class='ocrx_word' id='word_1_14' title='bbox 513 317 549 368; x_wconf 85' lang='lat' dir='ltr'><strong>ad</strong></span> <span class='ocrx_word' id='word_1_15' title='bbox 566 333 627 368; x_wconf 87' lang='lat' dir='ltr'><strong>eum</strong></span> <span class='ocrx_word' id='word_1_16' title='bbox 638 319 727 378; x_wconf 77' lang='lat' dir='ltr'><strong>verrit,</strong></span> <span class='ocrx_word' id='word_1_17' title='bbox 759 316 944 385; x_wconf 77' lang='lat' dir='ltr'><strong>cohortesque</strong></span> <span class='ocrx_word' id='word_1_18' title='bbox 956 334 993 371; x_wconf 77' lang='lat' dir='ltr'><strong>ex</strong></span> 
     </span>
     <span class='ocr_line' id='line_1_4' title="bbox 188 387 992 456; baseline -0.004 -14"><span class='ocrx_word' id='word_1_19' title='bbox 188 388 383 442; x_wconf 84' lang='lat' dir='ltr'><strong>novisGalliae</strong></span> <span class='ocrx_word' id='word_1_20' title='bbox 394 387 541 438; x_wconf 88' lang='lat' dir='ltr'><strong>dilectibus</strong></span> <span class='ocrx_word' id='word_1_21' title='bbox 551 387 631 438; x_wconf 82' lang='lat' dir='ltr'><strong>xxii</strong></span> <span class='ocrx_word' id='word_1_22' title='bbox 643 387 803 453; x_wconf 81' lang='lat' dir='ltr'><strong>equitesque</strong></span> <span class='ocrx_word' id='word_1_23' title='bbox 815 389 849 438; x_wconf 73' lang='lat' dir='ltr'><strong>uls</strong></span> <span class='ocrx_word' id='word_1_24' title='bbox 861 388 992 456; x_wconf 80' lang='lat' dir='ltr'><strong>regeNo·</strong></span> 
     </span>
     <span class='ocr_line' id='line_1_5' title="bbox 173 455 992 521; baseline -0.005 -9"><span class='ocrx_word' id='word_1_25' title='bbox 173 461 247 521; x_wconf 80' lang='lat' dir='ltr'><strong>¹rico</strong></span> <span class='ocrx_word' id='word_1_26' title='bbox 260 460 370 510; x_wconf 83' lang='lat' dir='ltr'><strong>circiter</strong></span> <span class='ocrx_word' id='word_1_27' title='bbox 381 459 455 508; x_wconf 81' lang='lat' dir='ltr'>CCC.</span> <span class='ocrx_word' id='word_1_28' title='bbox 483 457 609 518; x_wconf 82' lang='lat' dir='ltr'><strong>Quorum</strong></span> <span class='ocrx_word' id='word_1_29' title='bbox 620 455 740 506; x_wconf 82' lang='lat' dir='ltr'><strong>adventu</strong></span> <span class='ocrx_word' id='word_1_30' title='bbox 752 457 843 507; x_wconf 82' lang='lat' dir='ltr'><strong>alteru</strong></span> <span class='ocrx_word' id='word_1_31' title='bbox 852 465 946 508; x_wconf 86' lang='lat' dir='ltr'><strong>castra</strong></span> <span class='ocrx_word' id='word_1_32' title='bbox 954 458 992 508; x_wconf 80' lang='lat' dir='ltr'><strong>ad</strong></span> 
     </span>
     <span class='ocr_line' id='line_1_6' title="bbox 187 527 992 594; baseline -0.006 -12"><span class='ocrx_word' id='word_1_33' title='bbox 187 530 305 582; x_wconf 86' lang='lat' dir='ltr'><strong>alteram</strong></span> <span class='ocrx_word' id='word_1_34' title='bbox 316 527 408 594; x_wconf 90' lang='lat' dir='ltr'><strong>oppidi</strong></span> <span class='ocrx_word' id='word_1_35' title='bbox 420 532 526 592; x_wconf 86' lang='lat' dir='ltr'><strong>partem</strong></span> <span class='ocrx_word' id='word_1_36' title='bbox 542 527 631 592; x_wconf 88' lang='lat' dir='ltr'><strong>ponit.</strong></span> <span class='ocrx_word' id='word_1_37' title='bbox 667 527 828 576; x_wconf 86' lang='lat' dir='ltr'><strong>lliscastris</strong></span> <span class='ocrx_word' id='word_1_38' title='bbox 841 528 992 578; x_wconf 81' lang='lat' dir='ltr'><strong>Curionem</strong></span> 
     </span>
     <span class='ocr_line' id='line_1_7' title="bbox 187 595 993 666; baseline 0 -16"><span class='ocrx_word' id='word_1_39' title='bbox 187 599 334 666; x_wconf 81' lang='lat' dir='ltr'><strong>praefecit:</strong></span> <span class='ocrx_word' id='word_1_40' title='bbox 354 596 469 663; x_wconf 86' lang='lat' dir='ltr'><strong>reliquis</strong></span> <span class='ocrx_word' id='word_1_41' title='bbox 480 595 579 646; x_wconf 87' lang='lat' dir='ltr'><strong>dicbus</strong></span> <span class='ocrx_word' id='word_1_42' title='bbox 590 595 720 661; x_wconf 89' lang='lat' dir='ltr'><strong>oppidum</strong></span> <span class='ocrx_word' id='word_1_43' title='bbox 730 595 804 647; x_wconf 80' lang='lat' dir='ltr'><strong>vallo</strong></span> <span class='ocrx_word' id='word_1_44' title='bbox 815 596 993 663; x_wconf 74' lang='lat' dir='ltr'><strong>castellisque</strong></span> 
     </span>
     <span class='ocr_line' id='line_1_8' title="bbox 188 665 994 733; baseline -0.004 -13"><span class='ocrx_word' id='word_1_45' title='bbox 188 668 388 720; x_wconf 81' lang='lat' dir='ltr'><strong>circumvenire</strong></span> <span class='ocrx_word' id='word_1_46' title='bbox 404 667 535 716; x_wconf 83' lang='lat' dir='ltr'><strong>instituit·</strong></span> <span class='ocrx_word' id='word_1_47' title='bbox 569 665 653 714; x_wconf 85' lang='lat' dir='ltr'><strong>Cuius</strong></span> <span class='ocrx_word' id='word_1_48' title='bbox 670 666 762 730; x_wconf 88' lang='lat' dir='ltr'><strong>operis</strong></span> <span class='ocrx_word' id='word_1_49' title='bbox 780 668 899 716; x_wconf 81' lang='lat' dir='ltr'><strong>maxima</strong></span> <span class='ocrx_word' id='word_1_50' title='bbox 911 673 994 733; x_wconf 82' lang='lat' dir='ltr'><strong>parte</strong></span> 
     </span>
     <span class='ocr_line' id='line_1_9' title="bbox 187 733 993 801; baseline -0.004 -10"><span class='ocrx_word' id='word_1_51' title='bbox 187 735 301 798; x_wconf 80' lang='lat' dir='ltr'><strong>effecta,</strong></span> <span class='ocrx_word' id='word_1_52' title='bbox 321 736 418 788; x_wconf 82' lang='lat' dir='ltr'><strong>eodeni</strong></span> <span class='ocrx_word' id='word_1_53' title='bbox 428 733 490 786; x_wconf 76' lang='lat' dir='ltr'><strong>fore</strong></span> <span class='ocrx_word' id='word_1_54' title='bbox 501 740 627 800; x_wconf 87' lang='lat' dir='ltr'><strong>tempore</strong></span> <span class='ocrx_word' id='word_1_55' title='bbox 645 735 719 784; x_wconf 84' lang='lat' dir='ltr'><strong>missi</strong></span> <span class='ocrx_word' id='word_1_56' title='bbox 730 733 765 784; x_wconf 91' lang='lat' dir='ltr'><strong>ad</strong></span> <span class='ocrx_word' id='word_1_57' title='bbox 778 734 938 801; x_wconf 83' lang='lat' dir='ltr'><strong>Pompeium</strong></span> <span class='ocrx_word' id='word_1_58' title='bbox 949 751 993 788; x_wconf 86' lang='lat' dir='ltr'><strong>rc·</strong></span> 
     </span>
     <span class='ocr_line' id='line_1_10' title="bbox 187 815 507 864; baseline -0.013 -8"><span class='ocrx_word' id='word_1_59' title='bbox 187 815 342 860; x_wconf 80' lang='lat' dir='ltr'><strong>vertuntur.</strong></span> <span class='ocrx_word' id='word_1_60' title='bbox 505 853 507 864; x_wconf 74' lang='grc'>,</span> 
     </span>
    </p>

    <p class='ocr_par' dir='ltr' id='par_1_3' title="bbox 186 873 993 1154">
     <span class='ocr_line' id='line_1_11' title="bbox 241 873 992 938; baseline -0.005 -10"><span class='ocrx_word' id='word_1_61' title='bbox 241 875 315 928; x_wconf 85' lang='lat' dir='ltr'><strong>xlx.</strong></span> <span class='ocrx_word' id='word_1_62' title='bbox 336 875 454 926; x_wconf 85' lang='lat' dir='ltr'><strong>Litteris</strong></span> <span class='ocrx_word' id='word_1_63' title='bbox 467 873 603 938; x_wconf 75' lang='lat' dir='ltr'><strong>perlectis,</strong></span> <span class='ocrx_word' id='word_1_64' title='bbox 624 873 765 924; x_wconf 81' lang='lat' dir='ltr'><strong>Domitius</strong></span> <span class='ocrx_word' id='word_1_65' title='bbox 775 873 953 924; x_wconf 81' lang='lat' dir='ltr'><strong>dissimulans</strong></span> <span class='ocrx_word' id='word_1_66' title='bbox 963 877 992 924; x_wconf 92' lang='lat' dir='ltr'><strong>in</strong></span> 
     </span>
     <span class='ocr_line' id='line_1_12' title="bbox 188 942 993 1011; baseline -0.005 -12"><span class='ocrx_word' id='word_1_67' title='bbox 188 945 306 1000; x_wconf 87' lang='lat' dir='ltr'><strong>concilio</strong></span> <span class='ocrx_word' id='word_1_68' title='bbox 329 945 509 1011; x_wconf 82' lang='lat' dir='ltr'><strong>pronunciat,</strong></span> <span class='ocrx_word' id='word_1_69' title='bbox 539 943 699 1009; x_wconf 84' lang='lat' dir='ltr'><strong>Pompeium</strong></span> <span class='ocrx_word' id='word_1_70' title='bbox 723 942 851 994; x_wconf 79' lang='lat' dir='ltr'><strong>celeriter</strong></span> <span class='ocrx_word' id='word_1_71' title='bbox 868 945 993 995; x_wconf 88' lang='lat' dir='ltr'><strong>subsidio</strong></span> 
     </span>
     <span class='ocr_line' id='line_1_13' title="bbox 186 1011 992 1080; baseline -0.001 -15"><span class='ocrx_word' id='word_1_72' title='bbox 186 1021 349 1076; x_wconf 77' lang='lat' dir='ltr'><strong>venturum3</strong></span> <span class='ocrx_word' id='word_1_73' title='bbox 380 1011 565 1080; x_wconf 83' lang='lat' dir='ltr'><strong>hortaturque</strong></span> <span class='ocrx_word' id='word_1_74' title='bbox 587 1028 649 1074; x_wconf 89' lang='lat' dir='ltr'><strong>eos,</strong></span> <span class='ocrx_word' id='word_1_75' title='bbox 680 1028 715 1063; x_wconf 89' lang='lat' dir='ltr'><strong>ne</strong></span> <span class='ocrx_word' id='word_1_76' title='bbox 737 1014 828 1064; x_wconf 91' lang='lat' dir='ltr'><strong>animo</strong></span> <span class='ocrx_word' id='word_1_77' title='bbox 852 1011 992 1077; x_wconf 83' lang='lat' dir='ltr'><strong>deficiant,</strong></span> 
     </span>
     <span class='ocr_line' id='line_1_14' title="bbox 187 1081 992 1154; baseline -0.005 -18"><span class='ocrx_word' id='word_1_78' title='bbox 187 1099 316 1154; x_wconf 88' lang='lat' dir='ltr'><strong>quaeque</strong></span> <span class='ocrx_word' id='word_1_79' title='bbox 326 1085 391 1135; x_wconf 85' lang='lat' dir='ltr'><strong>usui</strong></span> <span class='ocrx_word' id='word_1_80' title='bbox 401 1081 435 1132; x_wconf 84' lang='lat' dir='ltr'><strong>ad</strong></span> <span class='ocrx_word' id='word_1_81' title='bbox 446 1081 649 1134; x_wconf 84' lang='lat' dir='ltr'><strong>defendendum</strong></span> <span class='ocrx_word' id='word_1_82' title='bbox 662 1082 792 1149; x_wconf 86' lang='lat' dir='ltr'><strong>oppidum</strong></span> <span class='ocrx_word' id='word_1_83' title='bbox 803 1085 867 1143; x_wconf 89' lang='lat' dir='ltr'><strong>sint,</strong></span> <span class='ocrx_word' id='word_1_84' title='bbox 880 1091 992 1150; x_wconf 86' lang='lat' dir='ltr'><strong>parent:</strong></span> 
     </span>
    </p>

    <p class='ocr_par' dir='ltr' id='par_1_4' title="bbox 166 1151 994 2112">
     <span class='ocr_line' id='line_1_15' title="bbox 166 1151 994 1223; baseline -0.004 -16"><span class='ocrx_word' id='word_1_85' title='bbox 166 1159 244 1223; x_wconf 76' lang='lat' dir='ltr'><strong>&#39;ipse</strong></span> <span class='ocrx_word' id='word_1_86' title='bbox 256 1168 358 1205; x_wconf 82' lang='lat' dir='ltr'><strong>arcano</strong></span> <span class='ocrx_word' id='word_1_87' title='bbox 370 1167 432 1204; x_wconf 85' lang='lat' dir='ltr'><strong>curn</strong></span> <span class='ocrx_word' id='word_1_88' title='bbox 442 1153 537 1219; x_wconf 88' lang='lat' dir='ltr'><strong>paucis</strong></span> <span class='ocrx_word' id='word_1_89' title='bbox 549 1151 736 1203; x_wconf 73' lang='lat' dir='ltr'><strong>familiaribus</strong></span> <span class='ocrx_word' id='word_1_90' title='bbox 752 1154 809 1201; x_wconf 88' lang='lat' dir='ltr'><strong>suis</strong></span> <span class='ocrx_word' id='word_1_91' title='bbox 822 1152 994 1222; x_wconf 85' lang='lat' dir='ltr'><strong>colloquitur</strong></span> 
     </span>
     <span class='ocr_line' id='line_1_16' title="bbox 187 1220 992 1290; baseline -0.006 -12"><span class='ocrx_word' id='word_1_92' title='bbox 187 1225 389 1290; x_wconf 85' lang='lat' dir='ltr'><strong>consiliumque</strong></span> <span class='ocrx_word' id='word_1_93' title='bbox 401 1220 483 1288; x_wconf 81' lang='lat' dir='ltr'><strong>sugas</strong></span> <span class='ocrx_word' id='word_1_94' title='bbox 495 1236 594 1287; x_wconf 69' lang='lat' dir='ltr'><strong>cepere</strong></span> <span class='ocrx_word' id='word_1_95' title='bbox 605 1222 758 1272; x_wconf 89' lang='lat' dir='ltr'><strong>constitnit.</strong></span> <span class='ocrx_word' id='word_1_96' title='bbox 794 1221 885 1282; x_wconf 83' lang='lat' dir='ltr'><strong>Quum</strong></span> <span class='ocrx_word' id='word_1_97' title='bbox 897 1223 992 1273; x_wconf 88' lang='lat' dir='ltr'><strong>vultus</strong></span> 
     </span>
     <span class='ocr_line' id='line_1_17' title="bbox 186 1291 994 1359; baseline -0.007 -10"><span class='ocrx_word' id='word_1_98' title='bbox 186 1294 303 1348; x_wconf 89' lang='lat' dir='ltr'><strong>Domitii</strong></span> <span class='ocrx_word' id='word_1_99' title='bbox 318 1308 380 1343; x_wconf 89' lang='lat' dir='ltr'><strong>cum</strong></span> <span class='ocrx_word' id='word_1_100' title='bbox 396 1293 523 1342; x_wconf 86' lang='lat' dir='ltr'><strong>oratione</strong></span> <span class='ocrx_word' id='word_1_101' title='bbox 538 1306 593 1340; x_wconf 92' lang='lat' dir='ltr'><strong>non</strong></span> <span class='ocrx_word' id='word_1_102' title='bbox 610 1291 780 1342; x_wconf 88' lang='lat' dir='ltr'><strong>consentiret</strong></span> <span class='ocrx_word' id='word_1_103' title='bbox 800 1298 882 1359; x_wconf 84' lang='lat' dir='ltr'><strong>atque</strong></span> <span class='ocrx_word' id='word_1_104' title='bbox 899 1293 994 1343; x_wconf 84' lang='lat' dir='ltr'><strong>omniu</strong></span> 
     </span>
     <span class='ocr_line' id='line_1_18' title="bbox 184 1357 993 1431; baseline -0.009 -13"><span class='ocrx_word' id='word_1_105' title='bbox 184 1357 371 1431; x_wconf 70' lang='lat' dir='ltr'><strong>¹trepidantius</strong></span> <span class='ocrx_word' id='word_1_106' title='bbox 382 1360 561 1427; x_wconf 86' lang='lat' dir='ltr'><strong>timidiusque</strong></span> <span class='ocrx_word' id='word_1_107' title='bbox 571 1364 681 1426; x_wconf 81' lang='lat' dir='ltr'><strong>ageret,</strong></span> <span class='ocrx_word' id='word_1_108' title='bbox 708 1375 790 1428; x_wconf 83' lang='lat' dir='ltr'><strong>quem</strong></span> <span class='ocrx_word' id='word_1_109' title='bbox 802 1363 993 1426; x_wconf 86' lang='lat' dir='ltr'><strong>superioribus</strong></span> 
     </span>
     <span class='ocr_line' id='line_1_19' title="bbox 186 1429 991 1497; baseline -0.007 -10"><span class='ocrx_word' id='word_1_110' title='bbox 186 1437 283 1488; x_wconf 88' lang='lat' dir='ltr'><strong>diebus</strong></span> <span class='ocrx_word' id='word_1_111' title='bbox 295 1435 469 1490; x_wconf 83' lang='lat' dir='ltr'><strong>consuesset,</strong></span> <span class='ocrx_word' id='word_1_112' title='bbox 500 1429 673 1497; x_wconf 87' lang='lat' dir='ltr'><strong>multumque</strong></span> <span class='ocrx_word' id='word_1_113' title='bbox 684 1445 746 1480; x_wconf 89' lang='lat' dir='ltr'><strong>cnm</strong></span> <span class='ocrx_word' id='word_1_114' title='bbox 758 1430 814 1480; x_wconf 89' lang='lat' dir='ltr'><strong>suis</strong></span> <span class='ocrx_word' id='word_1_115' title='bbox 824 1431 991 1484; x_wconf 80' lang='lat' dir='ltr'><strong>consiliandi</strong></span> 
     </span>
     <span class='ocr_line' id='line_1_20' title="bbox 186 1498 992 1566; baseline -0.009 -9"><span class='ocrx_word' id='word_1_116' title='bbox 186 1519 285 1558; x_wconf 86' lang='lat' dir='ltr'><strong>caussa</strong></span> <span class='ocrx_word' id='word_1_117' title='bbox 295 1506 401 1554; x_wconf 84' lang='lat' dir='ltr'><strong>secreto</strong></span> <span class='ocrx_word' id='word_1_118' title='bbox 411 1504 523 1566; x_wconf 84' lang='lat' dir='ltr'><strong>praeter</strong></span> <span class='ocrx_word' id='word_1_119' title='bbox 535 1499 762 1550; x_wconf 84' lang='lat' dir='ltr'><strong>consuetudinem</strong></span> <span class='ocrx_word' id='word_1_120' title='bbox 774 1498 992 1566; x_wconf 79' lang='lat' dir='ltr'><strong>colloqueretur,</strong></span> 
     </span>
     <span class='ocr_line' id='line_1_21' title="bbox 185 1567 991 1637; baseline -0.009 -9"><span class='ocrx_word' id='word_1_121' title='bbox 185 1575 302 1628; x_wconf 88' lang='lat' dir='ltr'><strong>concilia</strong></span> <span class='ocrx_word' id='word_1_122' title='bbox 311 1577 519 1637; x_wconf 85' lang='lat' dir='ltr'><strong>conventusque</strong></span> <span class='ocrx_word' id='word_1_123' title='bbox 530 1567 672 1620; x_wconf 89' lang='lat' dir='ltr'><strong>hominum</strong></span> <span class='ocrx_word' id='word_1_124' title='bbox 683 1569 805 1636; x_wconf 79' lang='lat' dir='ltr'><strong>fugeret:</strong></span> <span class='ocrx_word' id='word_1_125' title='bbox 829 1584 874 1620; x_wconf 88' lang='lat' dir='ltr'><strong>res</strong></span> <span class='ocrx_word' id='word_1_126' title='bbox 885 1569 991 1622; x_wconf 91' lang='lat' dir='ltr'><strong>diutius</strong></span> 
     </span>
     <span class='ocr_line' id='line_1_22' title="bbox 185 1638 991 1711; baseline -0.005 -15"><span class='ocrx_word' id='word_1_127' title='bbox 185 1645 242 1711; x_wconf 80' lang='lat' dir='ltr'><strong>tegi</strong></span> <span class='ocrx_word' id='word_1_128' title='bbox 254 1639 477 1706; x_wconf 84' lang='lat' dir='ltr'><strong>dissimularique</strong></span> <span class='ocrx_word' id='word_1_129' title='bbox 494 1653 550 1690; x_wconf 89' lang='lat' dir='ltr'><strong>non</strong></span> <span class='ocrx_word' id='word_1_130' title='bbox 562 1640 660 1704; x_wconf 89' lang='lat' dir='ltr'><strong>potuit.</strong></span> <span class='ocrx_word' id='word_1_131' title='bbox 696 1638 845 1704; x_wconf 88' lang='lat' dir='ltr'><strong>Pompeius</strong></span> <span class='ocrx_word' id='word_1_132' title='bbox 861 1641 935 1690; x_wconf 84' lang='lat' dir='ltr'><strong>enim</strong></span> <span class='ocrx_word' id='word_1_133' title='bbox 947 1655 991 1692; x_wconf 87' lang='lat' dir='ltr'><strong>re-</strong></span> 
     </span>
     <span class='ocr_line' id='line_1_23' title="bbox 185 1706 992 1779; baseline -0.004 -15"><span class='ocrx_word' id='word_1_134' title='bbox 185 1716 350 1779; x_wconf 84' lang='lat' dir='ltr'><strong>scripserat,</strong></span> <span class='ocrx_word' id='word_1_135' title='bbox 379 1723 434 1759; x_wconf 82' lang='lat' dir='ltr'><strong>sese</strong></span> <span class='ocrx_word' id='word_1_136' title='bbox 449 1724 506 1758; x_wconf 80' lang='lat' dir='ltr'><strong>rem</strong></span> <span class='ocrx_word' id='word_1_137' title='bbox 520 1706 550 1760; x_wconf 82' lang='lat' dir='ltr'><strong>in.</strong></span> <span class='ocrx_word' id='word_1_138' title='bbox 560 1722 689 1759; x_wconf 88' lang='lat' dir='ltr'><strong>summum</strong></span> <span class='ocrx_word' id='word_1_139' title='bbox 696 1706 850 1775; x_wconf 83' lang='lat' dir='ltr'><strong>periculum</strong></span> <span class='ocrx_word' id='word_1_140' title='bbox 865 1709 992 1761; x_wconf 79' lang='lat' dir='ltr'><strong>deductu·</strong></span> 
     </span>
     <span class='ocr_line' id='line_1_24' title="bbox 184 1775 991 1844; baseline -0.005 -10"><span class='ocrx_word' id='word_1_141' title='bbox 184 1783 246 1835; x_wconf 77' lang='lat' dir='ltr'><strong>&#39;ruris</strong></span> <span class='ocrx_word' id='word_1_142' title='bbox 256 1797 308 1832; x_wconf 91' lang='lat' dir='ltr'><strong>non</strong></span> <span class='ocrx_word' id='word_1_143' title='bbox 318 1794 387 1839; x_wconf 82' lang='lat' dir='ltr'><strong>esse,</strong></span> <span class='ocrx_word' id='word_1_144' title='bbox 416 1793 499 1844; x_wconf 85' lang='lat' dir='ltr'><strong>nsque</strong></span> <span class='ocrx_word' id='word_1_145' title='bbox 509 1793 556 1829; x_wconf 84' lang='lat' dir='ltr'><strong>suo</strong></span> <span class='ocrx_word' id='word_1_146' title='bbox 566 1775 679 1829; x_wconf 79' lang='lat' dir='ltr'><strong>consilio</strong></span> <span class='ocrx_word' id='word_1_147' title='bbox 690 1786 740 1828; x_wconf 87' lang='lat' dir='ltr'><strong>out</strong></span> <span class='ocrx_word' id='word_1_148' title='bbox 749 1779 887 1830; x_wconf 81' lang='lat' dir='ltr'><strong>voluntate</strong></span> <span class='ocrx_word' id='word_1_149' title='bbox 896 1776 991 1830; x_wconf 79' lang='lat' dir='ltr'><strong>Domi·</strong></span> 
     </span>
     <span class='ocr_line' id='line_1_25' title="bbox 185 1844 991 1916; baseline -0.006 -12"><span class='ocrx_word' id='word_1_150' title='bbox 185 1851 253 1904; x_wconf 84' lang='lat' dir='ltr'><strong>&#39;tium</strong></span> <span class='ocrx_word' id='word_1_151' title='bbox 264 1867 291 1900; x_wconf 83' lang='lat' dir='ltr'><strong>se</strong></span> <span class='ocrx_word' id='word_1_152' title='bbox 301 1848 331 1900; x_wconf 84' lang='lat' dir='ltr'><strong>in</strong></span> <span class='ocrx_word' id='word_1_153' title='bbox 341 1845 468 1914; x_wconf 81' lang='lat' dir='ltr'><strong>oppidum</strong></span> <span class='ocrx_word' id='word_1_154' title='bbox 480 1844 627 1916; x_wconf 77' lang='lat' dir='ltr'><strong>Corfinium</strong></span> <span class='ocrx_word' id='word_1_155' title='bbox 638 1846 793 1900; x_wconf 78' lang='lat' dir='ltr'><strong>contulisse:</strong></span> <span class='ocrx_word' id='word_1_156' title='bbox 813 1846 956 1914; x_wconf 79' lang='lat' dir='ltr'><strong>proinde„</strong></span> <span class='ocrx_word' id='word_1_157' title='bbox 965 1847 991 1900; x_wconf 80' lang='lat' dir='ltr'><strong>si</strong></span> 
     </span>
     <span class='ocr_line' id='line_1_26' title="bbox 185 1914 988 1992; baseline -0.005 -20"><span class='ocrx_word' id='word_1_158' title='bbox 185 1937 238 1990; x_wconf 83' lang='lat' dir='ltr'><strong>qua</strong></span> <span class='ocrx_word' id='word_1_159' title='bbox 243 1919 369 1992; x_wconf 80' lang='lat' dir='ltr'><strong>facultas</strong></span> <span class='ocrx_word' id='word_1_160' title='bbox 374 1914 487 1987; x_wconf 82' lang='lat' dir='ltr'><strong>fuisset,</strong></span> <span class='ocrx_word' id='word_1_161' title='bbox 499 1917 537 1968; x_wconf 82' lang='lat' dir='ltr'><strong>ad</strong></span> <span class='ocrx_word' id='word_1_162' title='bbox 545 1932 571 1968; x_wconf 83' lang='lat' dir='ltr'><strong>se</strong></span> <span class='ocrx_word' id='word_1_163' title='bbox 581 1931 641 1968; x_wconf 88' lang='lat' dir='ltr'><strong>cum</strong></span> <span class='ocrx_word' id='word_1_164' title='bbox 651 1915 772 1968; x_wconf 83' lang='lat' dir='ltr'><strong>omnibus</strong></span> <span class='ocrx_word' id='word_1_165' title='bbox 782 1915 866 1984; x_wconf 82' lang='lat' dir='ltr'><strong>copiis</strong></span> <span class='ocrx_word' id='word_1_166' title='bbox 876 1917 988 1970; x_wconf 80' lang='lat' dir='ltr'><strong>ueniret.</strong></span> 
     </span>
     <span class='ocr_line' id='line_1_27' title="bbox 184 1984 988 2054; baseline -0.002 -11"><span class='ocrx_word' id='word_1_167' title='bbox 184 1989 216 2043; x_wconf 93' lang='lat' dir='ltr'><strong>ld</strong></span> <span class='ocrx_word' id='word_1_168' title='bbox 228 2006 261 2041; x_wconf 87' lang='lat' dir='ltr'><strong>ne</strong></span> <span class='ocrx_word' id='word_1_169' title='bbox 272 1987 336 2040; x_wconf 88' lang='lat' dir='ltr'><strong>lieri</strong></span> <span class='ocrx_word' id='word_1_170' title='bbox 345 1990 448 2052; x_wconf 90' lang='lat' dir='ltr'><strong>posset,</strong></span> <span class='ocrx_word' id='word_1_171' title='bbox 468 1984 614 2038; x_wconf 86' lang='lat' dir='ltr'><strong>obsidione</strong></span> <span class='ocrx_word' id='word_1_172' title='bbox 627 1991 711 2054; x_wconf 88' lang='lat' dir='ltr'><strong>atque</strong></span> <span class='ocrx_word' id='word_1_173' title='bbox 722 1987 815 2054; x_wconf 92' lang='lat' dir='ltr'><strong>oppidi</strong></span> <span class='ocrx_word' id='word_1_174' title='bbox 827 1985 988 2041; x_wconf 84' lang='lat' dir='ltr'><strong>circummu-</strong></span> 
     </span>
     <span class='ocr_line' id='line_1_28' title="bbox 185 2056 399 2112; baseline -0.019 -2"><span class='ocrx_word' id='word_1_175' title='bbox 185 2056 399 2112; x_wconf 83' lang='lat' dir='ltr'><strong>uitioneficbet.</strong></span> 
     </span>
    </p>

    <p class='ocr_par' dir='ltr' id='par_1_5' title="bbox 181 2123 990 2752">
     <span class='ocr_line' id='line_1_29' title="bbox 238 2123 989 2198; baseline 0.003 -19"><span class='ocrx_word' id='word_1_176' title='bbox 238 2128 299 2179; x_wconf 86' lang='lat' dir='ltr'><strong>XX.</strong></span> <span class='ocrx_word' id='word_1_177' title='bbox 319 2124 472 2194; x_wconf 83' lang='lat' dir='ltr'><strong>Divulgato</strong></span> <span class='ocrx_word' id='word_1_178' title='bbox 494 2123 613 2176; x_wconf 87' lang='lat' dir='ltr'><strong>Domitii</strong></span> <span class='ocrx_word' id='word_1_179' title='bbox 635 2126 765 2188; x_wconf 87' lang='lat' dir='ltr'><strong>consilio,</strong></span> <span class='ocrx_word' id='word_1_180' title='bbox 796 2129 920 2191; x_wconf 87' lang='lat' dir='ltr'><strong>milites,</strong></span> <span class='ocrx_word' id='word_1_181' title='bbox 941 2133 989 2198; x_wconf 88' lang='lat' dir='ltr'><strong>qni</strong></span> 
     </span>
     <span class='ocr_line' id='line_1_30' title="bbox 186 2194 986 2262; baseline -0.009 -9"><span class='ocrx_word' id='word_1_182' title='bbox 186 2205 269 2254; x_wconf 85' lang='lat' dir='ltr'><strong>erant</strong></span> <span class='ocrx_word' id='word_1_183' title='bbox 284 2194 413 2257; x_wconf 82' lang='lat' dir='ltr'><strong>Corfinii,</strong></span> <span class='ocrx_word' id='word_1_184' title='bbox 443 2195 533 2262; x_wconf 83' lang='lat' dir='ltr'><strong>primu</strong></span> <span class='ocrx_word' id='word_1_185' title='bbox 549 2199 656 2262; x_wconf 85' lang='lat' dir='ltr'><strong>vesperi</strong></span> <span class='ocrx_word' id='word_1_186' title='bbox 671 2197 851 2248; x_wconf 82' lang='lat' dir='ltr'><strong>secessionem</strong></span> <span class='ocrx_word' id='word_1_187' title='bbox 870 2197 986 2248; x_wconf 72' lang='lat' dir='ltr'><strong>faciuntr</strong></span> 
     </span>
     <span class='ocr_line' id='line_1_31' title="bbox 185 2264 988 2337; baseline -0.007 -17"><span class='ocrx_word' id='word_1_188' title='bbox 185 2277 269 2337; x_wconf 86' lang='lat' dir='ltr'><strong>atque</strong></span> <span class='ocrx_word' id='word_1_189' title='bbox 282 2269 322 2319; x_wconf 87' lang='lat' dir='ltr'><strong>ita</strong></span> <span class='ocrx_word' id='word_1_190' title='bbox 332 2267 407 2318; x_wconf 84' lang='lat' dir='ltr'><strong>inter</strong></span> <span class='ocrx_word' id='word_1_191' title='bbox 418 2281 447 2316; x_wconf 87' lang='lat' dir='ltr'><strong>se</strong></span> <span class='ocrx_word' id='word_1_192' title='bbox 459 2279 508 2331; x_wconf 87' lang='lat' dir='ltr'><strong>per</strong></span> <span class='ocrx_word' id='word_1_193' title='bbox 523 2264 652 2316; x_wconf 89' lang='lat' dir='ltr'><strong>tribunos</strong></span> <span class='ocrx_word' id='word_1_194' title='bbox 666 2264 787 2316; x_wconf 90' lang='lat' dir='ltr'><strong>militum</strong></span> <span class='ocrx_word' id='word_1_195' title='bbox 797 2267 988 2316; x_wconf 83' lang='lat' dir='ltr'><strong>centuriones-</strong></span> 
     </span>
     <span class='ocr_line' id='line_1_32' title="bbox 184 2333 988 2407; baseline -0.004 -17"><span class='ocrx_word' id='word_1_196' title='bbox 184 2355 238 2407; x_wconf 91' lang='lat' dir='ltr'><strong>que</strong></span> <span class='ocrx_word' id='word_1_197' title='bbox 255 2344 338 2404; x_wconf 79' lang='lat' dir='ltr'><strong>atque</strong></span> <span class='ocrx_word' id='word_1_198' title='bbox 359 2333 569 2386; x_wconf 83' lang='lat' dir='ltr'><strong>honestissimos</strong></span> <span class='ocrx_word' id='word_1_199' title='bbox 589 2336 631 2384; x_wconf 89' lang='lat' dir='ltr'><strong>sui</strong></span> <span class='ocrx_word' id='word_1_200' title='bbox 652 2336 762 2402; x_wconf 84' lang='lat' dir='ltr'><strong>generis</strong></span> <span class='ocrx_word' id='word_1_201' title='bbox 777 2333 988 2400; x_wconf 84' lang='lat' dir='ltr'><strong>colloquuntur:</strong></span> 
     </span>
     <span class='ocr_line' id='line_1_33' title="bbox 185 2402 990 2473; baseline -0.002 -13"><span class='ocrx_word' id='word_1_202' title='bbox 185 2405 301 2460; x_wconf 78' lang='lat' dir='ltr'><strong>obsideri</strong></span> <span class='ocrx_word' id='word_1_203' title='bbox 311 2422 338 2458; x_wconf 87' lang='lat' dir='ltr'><strong>se</strong></span> <span class='ocrx_word' id='word_1_204' title='bbox 348 2421 366 2455; x_wconf 83' lang='lat' dir='ltr'><strong>a</strong></span> <span class='ocrx_word' id='word_1_205' title='bbox 379 2402 513 2464; x_wconf 64' lang='lat' dir='ltr'><strong>Caesares</strong></span> <span class='ocrx_word' id='word_1_206' title='bbox 524 2419 606 2468; x_wconf 85' lang='lat' dir='ltr'><strong>opera</strong></span> <span class='ocrx_word' id='word_1_207' title='bbox 617 2403 828 2469; x_wconf 78' lang='lat' dir='ltr'><strong>munitionesque</strong></span> <span class='ocrx_word' id='word_1_208' title='bbox 835 2419 922 2473; x_wconf 79' lang='lat' dir='ltr'><strong>prope</strong></span> <span class='ocrx_word' id='word_1_209' title='bbox 933 2420 990 2458; x_wconf 81' lang='lat' dir='ltr'><strong>esse</strong></span> 
     </span>
     <span class='ocr_line' id='line_1_34' title="bbox 181 2469 989 2548; baseline -0.001 -20"><span class='ocrx_word' id='word_1_210' title='bbox 181 2478 339 2548; x_wconf 63' lang='lat' dir='ltr'><strong>perfectum</strong></span> <span class='ocrx_word' id='word_1_211' title='bbox 367 2474 458 2524; x_wconf 85' lang='lat' dir='ltr'><strong>ducem</strong></span> <span class='ocrx_word' id='word_1_212' title='bbox 474 2489 550 2524; x_wconf 86' lang='lat' dir='ltr'><strong>snum</strong></span> <span class='ocrx_word' id='word_1_213' title='bbox 560 2469 725 2534; x_wconf 80' lang='lat' dir='ltr'><strong>Domitium,</strong></span> <span class='ocrx_word' id='word_1_214' title='bbox 753 2471 830 2525; x_wconf 77' lang='lat' dir='ltr'><strong>cuim</strong></span> <span class='ocrx_word' id='word_1_215' title='bbox 845 2490 891 2544; x_wconf 80' lang='lat' dir='ltr'><strong>spe</strong></span> <span class='ocrx_word' id='word_1_216' title='bbox 907 2484 989 2543; x_wconf 79' lang='lat' dir='ltr'><strong>atque</strong></span> 
     </span>
     <span class='ocr_line' id='line_1_35' title="bbox 181 2539 990 2670; baseline -0.012 -74"><span class='ocrx_word' id='word_1_217' title='bbox 181 2545 283 2670; x_wconf 44' lang='lat' dir='ltr'><strong>{duria</strong></span> <span class='ocrx_word' id='word_1_218' title='bbox 289 2542 500 2614; x_wconf 79' lang='lat' dir='ltr'><strong>permanserint,</strong></span> <span class='ocrx_word' id='word_1_219' title='bbox 518 2541 650 2608; x_wconf 81' lang='lat' dir='ltr'><strong>proiectis</strong></span> <span class='ocrx_word' id='word_1_220' title='bbox 660 2539 789 2605; x_wconf 72' lang='lat' dir='ltr'><strong>ominibus,</strong></span> <span class='ocrx_word' id='word_1_221' title='bbox 804 2543 895 2616; x_wconf 68' lang='lat' dir='ltr'><strong>fugae</strong></span> <span class='ocrx_word' id='word_1_222' title='bbox 904 2544 990 2598; x_wconf 54' lang='lat' dir='ltr'><strong>conii.</strong></span> 
     </span>
     <span class='ocr_line' id='line_1_36' title="bbox 193 2609 986 2682; baseline 0.003 -18"><span class='ocrx_word' id='word_1_223' title='bbox 193 2613 249 2666; x_wconf 83' lang='lat' dir='ltr'><strong>inm</strong></span> <span class='ocrx_word' id='word_1_224' title='bbox 259 2629 371 2682; x_wconf 80' lang='lat' dir='ltr'><strong>capere:</strong></span> <span class='ocrx_word' id='word_1_225' title='bbox 398 2611 491 2663; x_wconf 83' lang='lat' dir='ltr'><strong>dedere</strong></span> <span class='ocrx_word' id='word_1_226' title='bbox 506 2627 533 2662; x_wconf 83' lang='lat' dir='ltr'><strong>se</strong></span> <span class='ocrx_word' id='word_1_227' title='bbox 548 2627 613 2661; x_wconf 84' lang='lat' dir='ltr'><strong>suae</strong></span> <span class='ocrx_word' id='word_1_228' title='bbox 623 2609 719 2662; x_wconf 75' lang='lat' dir='ltr'><strong>salictis</strong></span> <span class='ocrx_word' id='word_1_229' title='bbox 735 2613 868 2667; x_wconf 80' lang='lat' dir='ltr'><strong>raliontm</strong></span> <span class='ocrx_word' id='word_1_230' title='bbox 883 2611 986 2668; x_wconf 63' lang='lat' dir='ltr'><strong>hodos.</strong></span> 
     </span>
     <span class='ocr_line' id='line_1_37' title="bbox 182 2680 986 2752; baseline -0.01 -16"><span class='ocrx_word' id='word_1_231' title='bbox 182 2683 223 2736; x_wconf 78' lang='lat' dir='ltr'><strong>Ab</strong></span> <span class='ocrx_word' id='word_1_232' title='bbox 234 2683 277 2736; x_wconf 88' lang='lat' dir='ltr'><strong>his</strong></span> <span class='ocrx_word' id='word_1_233' title='bbox 287 2684 378 2752; x_wconf 89' lang='lat' dir='ltr'><strong>primo</strong></span> <span class='ocrx_word' id='word_1_234' title='bbox 389 2680 478 2732; x_wconf 84' lang='lat' dir='ltr'><strong>Marsi</strong></span> <span class='ocrx_word' id='word_1_235' title='bbox 489 2681 636 2732; x_wconf 86' lang='lat' dir='ltr'><strong>dissentire</strong></span> <span class='ocrx_word' id='word_1_236' title='bbox 647 2680 792 2745; x_wconf 84' lang='lat' dir='ltr'><strong>incipiunt,</strong></span> <span class='ocrx_word' id='word_1_237' title='bbox 815 2700 930 2752; x_wconf 72' lang='lat' dir='ltr'><strong>eamque</strong></span> <span class='ocrx_word' id='word_1_238' title='bbox 939 2700 986 2751; x_wconf 76' lang='lat' dir='ltr'><strong>op.</strong></span> 
     </span>
    </p>
   </div>
   <div class='ocr_carea' id='block_1_3' title="bbox 0 0 1088 3134">
    <p class='ocr_par' dir='ltr' id='par_1_6' title="bbox 0 0 1088 3134">
     <span class='ocr_line' id='line_1_38' title="bbox 0 0 1088 3134; baseline 0 0"><span class='ocrx_word' id='word_1_239' title='bbox 0 0 1088 3134; x_wconf 95' lang='lat' dir='ltr'><strong> </strong></span> 
     </span>
    </p>
   </div>
  </div>
 </body>
</html>
