2168 3134
192 163 246 220 2³2
411 163 466 215 DE
485 162 627 216 Baubo
645 161 778 216 ClVlLl

193 268 344 337 gitionibus
357 273 492 329 movetur,
508 282 594 334 seque
606 267 723 318 alterum
735 265 797 318 fore
809 266 914 321 Sullam
925 272 1003 324 inter

192 353 258 390 suos
268 339 412 406 gloriatur,
425 337 460 388 ad
472 352 554 403 quem
566 352 675 388 sumnia
683 338 792 403 imperii
803 339 909 390 redeat.
939 342 1001 394 Sci·

191 409 303 475 pionem
315 406 411 460 eadem
424 421 486 472 spes
497 408 654 474 provinciae
667 413 753 474 atque
764 409 936 460 exercituum
948 413 1001 462 im-

191 476 285 544 pellit,
307 492 377 544 quos
397 491 427 527 sc
449 491 498 541 pro
519 477 722 528 necessitudine
743 481 911 543 partiturum
932 495 999 531 cuni

191 547 324 613 Pompeio
336 547 500 607 arbitratur-3
512 546 593 596 simul
603 545 769 598 iudiciorum
781 555 882 609 nictus,
901 549 997 600 adula-

190 618 231 667 tio
241 624 328 682 atqne·
337 616 542 666 ostentatiosui
554 622 584 667 ct
596 618 760 681 potentium,
776 618 823 682 qui
835 619 863 666 in
875 619 996 684 republi-

191 700 224 736 ca
237 686 403 752 iudiciisque
415 691 474 736 tum
486 684 637 750 plurimum
653 685 805 751 pollebant.
841 687 903 752 lpse
915 686 996 738 Pom·

189 757 284 820 peius,
305 755 340 805 ab
351 756 468 805 inimicis
480 756 606 806 Caesaris
617 757 747 806 incitatus
759 761 802 818 et,
822 757 898 823 quod
909 759 994 808 nenii-

190 840 253 876 nem
265 839 357 875 secum
370 823 507 890 dignitate
518 825 666 891 exaequari
677 825 797 886 volebat,
813 831 904 876 totum
916 842 946 878 sa
958 829 993 878 ab

189 896 250 944 eius
265 894 386 943 anricitia
402 899 543 944 averterat
552 901 581 945 et
592 908 653 944 cum
669 895 858 945 communibus
874 897 994 947 inimicis

189 965 347 1029 ingratiam
358 961 490 1025 redierat,
510 978 627 1028 qnorum
646 965 705 1028 ipse
722 965 872 1014 irraximam-
885 973 993 1031 partem

187 1031 238 1082 illo
254 1031 406 1082 adfinitatis
426 1040 551 1097 tempore
571 1034 730 1084 iniunxerat
750 1034 869 1084 Caesari.
905 1034 994 1086 Siniul

187 1100 303 1152 infamia
315 1101 432 1152 duarum
443 1101 584 1168 legionum
597 1108 749 1167 pennotus,
765 1118 834 1168 quas
846 1104 993 1158 abitinere

186 1172 269 1224 Asiae
279 1171 433 1238 Syriaeque
447 1171 484 1222 ad
494 1186 572 1222 suam
589 1174 742 1237 potentiam
764 1171 992 1242 dominatumque

188 1247 374 1303 converterat,
386 1256 445 1291 rem
457 1241 491 1308 ad
504 1256 581 1291 arma
592 1237 691 1291 deduci
701 1239 837 1292 studebat.

239 1312 273 1366 V.
291 1312 344 1362 llis
359 1311 394 1362 de
410 1313 513 1361 caussis
533 1315 654 1376 aguntur
672 1312 765 1360 onmia
788 1312 888 1375 raptim
907 1318 992 1378 atque

188 1382 313 1444 turbate,
333 1396 385 1433 nec
402 1379 518 1431 docendi
530 1381 657 1430 Caesaris
678 1380 839 1446 propinquis
860 1381 919 1430 cius
933 1396 992 1446 spa-

188 1455 258 1503 tium
270 1451 367 1514 datur3
387 1465 438 1501 nec
458 1451 576 1501 tribunis
596 1448 684 1512 plebis
700 1451 743 1500 sui
763 1449 879 1514 periculi
896 1450 992 1516 depre-

188 1521 283 1584 candi,
304 1536 392 1587 neque
405 1522 489 1571 etiam
500 1521 617 1571 extremi
633 1520 701 1570 iuris
716 1519 915 1570 intercessione
927 1521 993 1570 reti-

187 1591 281 1652 nendi,
301 1589 375 1659 quod
386 1589 418 1640 L.
431 1589 511 1640 Sulla
525 1588 687 1657 reliquerat,
710 1587 828 1638 facultas
844 1589 991 1651 tribuitur3

187 1659 237 1712 sed
258 1660 293 1711 de
314 1675 366 1712 sua
384 1659 474 1710 salute
495 1659 613 1724 septimo
636 1658 679 1708 die
695 1659 820 1724 cogitare
839 1665 991 1725 coguntur-3
1076 1675 1077 1690 ¹

186 1729 262 1796 quod
287 1728 329 1778 illi
351 1728 584 1779 turbulentissimi
608 1728 798 1794 superioribus
820 1729 992 1794 temporibus

124 1791 126 1798 ’
185 1798 289 1848 tribuni
305 1797 393 1863 plebis
405 1802 503 1848 octavo
519 1796 638 1862 denique
659 1812 754 1848 arerise
773 1811 886 1847 suarum
906 1799 992 1848 actio-

186 1882 251 1916 num
264 1869 401 1932 respicere
413 1881 445 1916 ac
457 1867 557 1916 timere
569 1871 743 1916 consuerant.
778 1866 943 1918 Decurritur
955 1867 992 1918 ad

184 1935 255 1986 illud
278 1941 431 1986 extremum
454 1941 537 2001 atque
558 1934 687 1985 ultimum
708 1938 991 2003 senatusconsultum,

186 2019 250 2072 quo,
262 2007 313 2055 nisi
325 2019 412 2072 paene
423 2006 450 2054 in
463 2006 522 2070 ipso
534 2005 608 2054 urbis
620 2004 749 2055 incemlio
760 2011 843 2072 atque
855 2008 882 2056 in
895 2007 991 2072 despe-

186 2077 295 2125 ratione
306 2075 428 2127 cmnium
439 2074 551 2136 salutis,
574 2071 695 2124 latorum
712 2073 829 2124 audacia
840 2091 989 2143 numquam

185 2151 251 2196 ante
262 2145 410 2195 discessum
422 2150 478 2208 est,
499 2143 562 2195 dent
573 2159 681 2210 opernm
697 2145 825 2205 consulet,
838 2155 991 2212 praetores,

185 2213 290 2267 tribuni
300 2212 400 2282 plebia,
422 2213 682 2281 qaipuecomulnrea
702 2222 765 2264 aurat
785 2214 821 2263 od
837 2215 936 2277 arderi,
957 2232 990 2266 ae

185 2284 253 2350 qaid
261 2282 413 2351 respublica
425 2281 578 2334 detrimenti
589 2281 688 2350 cupiat.
724 2283 802 2333 llaec
813 2293 990 2336 serratuscon·

185 2354 260 2405 solta
271 2353 479 2420 perscribuntur
488 2368 512 2403 a.
523 2352 549 2402 d.
562 2351 626 2404 Vlll
642 2351 705 2402 ldus
719 2351 871 2404 lanuarias.
892 2357 989 2422 ltaque

186 2427 307 2490 quinque
320 2423 416 2489 primis
429 2422 534 2484 diebus,
551 2422 649 2488 quibus
660 2419 755 2472 haberi
767 2429 878 2474 serratus
889 2426 991 2490 potuit,

185 2507 240 2559 qua
253 2507 286 2542 cx
299 2492 343 2544 die
355 2491 527 2542 corisulatum
539 2492 602 2540 iniit
612 2489 764 2554 Lentulus,
775 2491 859 2544 biduo
873 2499 989 2560 excepto

185 2559 331 2621 comitiali,
353 2559 427 2611 etde
449 2561 566 2626 imperio
582 2561 708 2610 Caesaris
720 2565 749 2611 et
761 2559 795 2611 de
812 2563 990 2629 amplissimis

184 2629 258 2690 viris,
275 2629 394 2680 tribunis
405 2629 507 2694 plebis,
528 2630 688 2695 gravissime
700 2615 932 2700 acerbissimequd
942 2632 989 2685 de·

184 2698 314 2748 cernitur.
346 2697 512 2765 Profugiunt
526 2698 618 2755 statim
642 2713 676 2748 ex
693 2698 759 2748 urbe
776 2703 878 2754 tribuni
899 2702 986 2770 plebis
