2168 3134
111 534 254 590 'bute

183 150 237 204 238
401 150 457 204 Du
476 149 616 204 Buteo
637 148 773 202 ClVlLl

185 255 322 309 Lentulus
333 255 461 308 libertati
470 255 618 308 coufirmat
627 258 711 320 atque
722 255 756 303 iis
762 269 847 322 equos
853 255 991 312 adtribuit

185 333 213 380 et
223 339 253 378 se
264 327 341 394 sequi
353 327 447 377 iussit:
460 339 528 393 quos
539 328 644 391 postea,
657 325 778 375 hinnitus
790 325 902 388 ahenis,
916 328 991 394 quod

185 413 219 450 ea
227 411 274 448 res
286 398 409 448 omnium
420 396 522 447 iudicio
533 393 804 460 reprehendebatur,
835 396 938 446 circuni
950 395 990 448 fa·
1075 453 1076 456 Ἰ

184 467 276 520 milias
288 474 440 520 conventus
452 465 622 532 Campaniae
636 463 781 516 custodiae
791 479 889 516 caussa
899 465 993 517 distri·
1075 471 1076 478 ’

235 605 297 659 XV.
318 604 437 660 Auximo
448 604 551 657 Caesar
560 618 738 671 progressus,
770 617 880 656 ornnem
892 619 993 671 agrurn
1075 645 1076 660 ,

186 676 318 729 Picenum
330 678 474 742 percurrit.
512 675 633 726 Cunctae
645 688 739 724 earum
755 675 900 741 regionum
914 688 991 741 prae·

185 746 311 798 tecturae
320 745 511 797 libentissimis
523 746 622 795 animis
632 757 695 795 eum
708 743 857 808 recipiunt,
890 747 992 796 exerci-

186 823 302 883 tumque
314 817 374 866 eius
386 815 513 866 omnibus
524 815 607 866 rebus
618 815 722 864 iuvant.
759 815 852 864 Etiam
864 813 992 880 Cingulo,

187 885 262 954 quod
274 885 404 951 oppidum
416 883 557 936 Labienus
569 885 763 942 constituerat,
795 897 900 950 suaque
912 899 992 950 pecu-

187 957 235 1006 nia
247 953 487 1015 exnedificaverat,
508 952 618 1004 adeum
630 953 717 1019 legati
728 953 850 1016 veniunt,
865 968 992 1020 quaeque

186 1024 372 1090 imperaverit,
388 1039 417 1075 se
429 1023 607 1088 cupidissime
616 1021 740 1073 facturos
750 1022 927 1088 pollicentur.
940 1023 992 1074 Mi-

186 1094 251 1145 lites
262 1094 394 1158 impernt:
417 1094 540 1144 mittunt.
573 1093 686 1144 Interea
696 1091 770 1159 legio
780 1091 833 1142 Xll
844 1094 992 1144 Caesarem
1075 1087 1076 1142 ὲ

186 1163 376 1230 consequitur.
422 1164 490 1213 Cum
513 1160 555 1212 his
576 1163 683 1213 duabus
704 1160 835 1214 Asculum
858 1161 992 1213 Picenum
1075 1153 1076 1208 l

186 1232 380 1300 proficiscitur.
417 1232 448 1284 ld
460 1232 590 1299 oppidum
603 1231 742 1283 Lentulus
754 1229 885 1298 Spinther
896 1231 992 1284 decem
1075 1229 1076 1248 ³

187 1301 349 1355 cohortibus
359 1301 486 1353 tenebat:
514 1303 574 1370 qui,
596 1303 722 1354 Caesaris
734 1301 854 1352 aduentu
867 1303 992 1368 cognito,

186 1372 310 1441 profugit
321 1387 358 1424 ex
367 1372 478 1439 oppido,
500 1369 683 1438 cohortesque
694 1385 787 1422 secum
799 1370 937 1422 abducere
949 1379 993 1422 ro·
1060 1403 1076 1436 -,

186 1450 283 1505 natue,
313 1447 536 1509 aniagnaparte
553 1441 828 1492 militunrdeseritur.
866 1439 991 1491 Relictus
1075 1439 1076 1506 J

186 1515 215 1564 in
231 1515 331 1564 itinere
343 1527 405 1563 cunr
422 1513 532 1578 paucis,
561 1511 660 1574 incidit
673 1511 701 1559 in
714 1510 867 1561 Vibullium
879 1509 991 1574 Rufum,

186 1583 300 1634 missurn
312 1597 329 1633 a
339 1582 469 1648 Pompeio
481 1595 618 1648 inagnum
630 1581 770 1642 Picenum,
788 1579 992 1631 confirmando·
1075 1571 1076 1608 ἶ

185 1667 248 1703 rum
269 1651 410 1703 hominum
433 1665 542 1700 caussa:
570 1665 588 1700 a
607 1665 661 1716 quo
677 1648 767 1701 factus
781 1649 917 1702 Vibullius
934 1665 992 1702 eer-

187 1724 256 1783 tior,
289 1737 360 1788 quae
374 1736 419 1772 res
431 1721 459 1769 in
471 1719 572 1772 Piceno
588 1725 766 1786 gererentur,
796 1720 897 1770 milites
910 1721 990 1772 abeo

186 1791 295 1854 accipit,
306 1792 394 1856 ipsum
406 1789 531 1840 dimittit.
558 1791 627 1840 ltenr
640 1804 674 1840 ex
685 1788 810 1840 finitimis
821 1791 991 1856 regionibus,
1008 1793 1010 1797 '

126 1863 127 1866 ’
187 1875 255 1927 quas
267 1865 367 1925 potest,
380 1857 521 1910 contrahit
532 1857 662 1911 cohortes
674 1874 709 1911 ex
720 1859 865 1911 dilectibus
876 1859 991 1924 Pompe·

185 1931 269 1979 ienis:
300 1929 329 1978 in
346 1930 381 1978 iis
394 1929 541 1981 Camerino
559 1927 713 1995 fugientem
724 1929 853 1980 Uleillem
865 1929 990 1992 Hirrum,

187 2013 248 2050 curn
260 2012 309 2050 sex
320 1996 496 2061 cohortibus,
527 1999 643 2065 quesibi
654 1999 832 2066 inpraeaidio
844 1997 991 2063 habuerat,

187 2069 299 2135 exeipit:
331 2069 430 2134 quibus
442 2069 546 2119 coactis
557 2068 623 2120 Xlll
635 2069 726 2120 efficit.
764 2070 830 2120 Cum
842 2069 877 2118 iis
888 2069 922 2120 nd
934 2069 991 2119 Do·

186 2139 294 2190 mitium
314 2136 526 2190 Ahenobarbum
543 2137 695 2190 Corfinium
717 2139 822 2206 niagnis
842 2139 990 2189 itineribus

185 2203 312 2276 pervenit
323 2210 523 2274 Caesaremque
534 2209 632 2260 adesse
644 2224 705 2259 cnm
717 2209 871 2275 legionibus
883 2208 990 2259 duabus

186 2279 309 2330 nunciat.
335 2277 476 2331 Domitius
485 2293 536 2344 per
547 2293 577 2330 se
589 2280 698 2329 circiter
708 2278 761 2328 XX
772 2277 900 2329 cohortes
912 2277 990 2342 Alba,

186 2361 220 2399 ex
231 2348 332 2401 Marsis
349 2353 380 2401 et
392 2348 514 2417 Pelignis
529 2355 559 2400 et
569 2349 692 2401 finitimis
707 2349 742 2400 ab
757 2346 916 2416 regionibus
928 2363 989 2404 coe-

183 2424 273 2485 gerat.
484 2450 488 2464 ,

235 2487 308 2539 XVl.
332 2489 452 2554 llecepto
464 2487 565 2539 Asculo
582 2487 753 2555 expulsoque
764 2486 900 2549 Lentulo,
922 2487 989 2538 Cae·

184 2570 231 2606 sar
243 2557 369 2624 conquiri
383 2558 499 2620 milites,
531 2558 579 2624 qui
596 2559 630 2610 ab
642 2572 676 2608 eo
687 2557 890 2619 discesserant,
923 2555 990 2607 dile·

185 2630 315 2691 stumque
326 2628 437 2679 institui
448 2627 536 2678 iubet:
559 2628 629 2691 ipse,
648 2643 733 2679 unum
746 2627 819 2679 diem
831 2626 870 2677 ibi
882 2627 921 2676 rei
934 2625 990 2675 fru-

185 2696 342 2751 mentariae
353 2710 453 2748 caussa
463 2703 599 2758 moratus,
611 2697 761 2748 Corfinium
773 2695 926 2750 contendit.
946 2695 988 2746 Eo
