2152 3144
186 207 241 262 374
360 210 393 259 Α.
410 207 550 259 HlR'l'll
568 207 624 260 DE
642 205 786 260 Baubo

188 315 274 382 loque
293 311 461 365 abundarem
481 325 596 380 quarum
612 311 730 362 alterius
748 312 791 362 rei
812 313 919 380 copiam
935 313 996 365 exi·

188 397 284 452 guam,
304 383 421 434 alterius
435 382 539 432 nullam
552 383 664 432 omnino
680 381 842 433 facultatem
860 383 996 436 babebatz

188 452 265 522 quod
273 458 422 520 utrumque
431 451 511 518 palus
520 451 598 520 larga
609 452 745 518 praebere
754 457 873 518 poterat
911 469 915 475 ¹

233 522 276 573 ·ll.
296 522 393 590 Neque
404 537 470 572 vero
478 520 675 573 Alexandrinis
686 523 714 570 in
724 521 858 588 gerendis
872 523 995 590 negotiis
1025 555 1040 596 3

191 591 332 646 mactatio
348 592 406 643 ulla
416 596 465 642 aut
477 605 555 642 mora
569 590 757 642 inferebatur:
775 605 839 642 nam
854 593 881 641 in
895 607 995 650 onraes
1068 647 1069 654 χ

190 667 301 730 partes,
321 676 371 728 per
381 677 449 730 quas
458 663 528 712 linea
539 660 669 728 Aegyptii
679 673 851 728 regnumque
863 663 996 728 pertinet,

189 731 300 800 legatos
310 733 568 798 conquisitoresque
579 729 697 781 dilectus
707 729 825 782 habendi
836 745 938 782 caussa
946 733 997 782 mi·

192 805 297 864 serant,
316 815 503 868 magnumque
519 814 663 851 numerum
682 801 711 849 in
732 799 861 867 oppidum
873 793 995 852 telorum

192 875 278 938 atque
298 875 501 922 tormentorum
521 873 709 921 convexerant
723 876 752 920 et
762 870 997 921 innumerabilem

192 938 398 992 multitudinem
409 939 590 990 adduxerant.
626 938 685 990 Nee
705 941 795 990 minus
811 941 839 990 in
854 941 924 991 urbe
938 955 997 990 ma·

192 1009 285 1060 xlmae
304 1023 444 1059 armorum
461 1013 541 1060 erant
559 1009 705 1068 institutae
720 1009 856 1060 officinae.
893 1007 998 1061 Servos

192 1084 340 1146 praeterea
350 1079 467 1146 puberes
481 1084 670 1141 armaverant,
690 1081 789 1146 quibus
800 1079 905 1130 domini
920 1079 997 1132 locu

191 1147 327 1216 pletiores
347 1149 449 1216 vietum
469 1149 660 1216 quotidianum
679 1149 903 1217 stipendiumque
917 1164 999 1216 prae-

193 1217 305 1270 bebant.
342 1218 589 1270 Haemultitudine
605 1219 747 1286 disposita,
768 1221 938 1271 munitiones
953 1235 1000 1270 se·

193 1294 332 1342 motarum
344 1291 462 1354 partium
472 1292 636 1352 tuebantur3
652 1295 800 1342 veteranas
811 1288 999 1342 cobortes'va·

195 1373 262 1410 euaa
275 1361 304 1410 in
319 1359 506 1412 celeberrimis
519 1361 595 1412 urbis
611 1359 680 1412 loeis
695 1357 848 1422 habebant,
866 1365 912 1422 ut,
931 1373 1002 1426 qua·

195 1441 312 1497 eumque
327 1432 441 1496 regione
452 1436 638 1498 pugnaretur,
658 1431 776 1498 integris
786 1429 938 1481 viribusad
948 1443 999 1478 au·

193 1498 293 1550 xillum
315 1497 461 1551 ferendum
481 1502 631 1567 opportuni
651 1506 754 1551 essent.
790 1499 925 1551 Omnibus
944 1499 1000 1550 riis

194 1575 279 1637 atque
291 1570 446 1636 angiportis
458 1570 595 1637 triplicem
611 1569 713 1622 vallum
728 1569 914 1620 obduxerant:
935 1574 1001 1620 erat

195 1643 289 1690 autem
305 1639 442 1706 quadrato
453 1644 610 1691 exstructus
625 1653 708 1702 saxo,
727 1654 818 1705 neque
830 1640 920 1690 minus
931 1653 1001 1706 qua·

196 1707 325 1774 draginta
340 1708 424 1774 pedes
440 1709 595 1760 altitudinis
610 1706 740 1760 habebat:
760 1723 886 1776 quaeque
902 1714 1000 1774 partes

193 1777 272 1828 urbis
283 1775 432 1829 interiores
450 1783 538 1840 erant,
559 1776 609 1828 bas
624 1777 768 1829 altissimis
777 1778 902 1828 turribus
912 1777 1002 1830 deno·

192 1859 257 1896 rum
276 1845 462 1897 tabulatorum
483 1848 649 1898 munierant.
685 1847 839 1907 Praeterea
852 1847 922 1897 alias
939 1863 1001 1900 am-

192 1912 347 1966 bulatories
369 1915 486 1967 totidem
507 1916 696 1968 tabulatorum
717 1917 904 1980 confixerant3
932 1919 1000 1970 sub-

192 1983 328 2052 iectisque
340 1999 387 2036 eas
398 1985 476 2048 rotis,
497 1984 609 2039 funibus
620 1988 808 2055 iumentisque
820 1987 945 2050 obiectis,
955 1987 1000 2040 di-

192 2055 276 2106 rectis
288 2054 385 2120 plateis
396 2057 426 2106 in
437 2070 636 2125 quamcumque
647 2062 709 2109 erat
718 2058 808 2130 visupr
819 2063 928 2124 partem
939 2072 1000 2110 mo·

193 2125 303 2176 rebant.

244 2195 291 2247 lll.
310 2195 382 2248 Vrbs
394 2194 569 2249 fertilissima
580 2202 609 2250 et
619 2197 812 2264 copiosissima
822 2197 943 2247 omnium
954 2211 1001 2250 ra·

194 2281 256 2317 rum
270 2264 419 2332 adparatus
440 2267 616 2335 subgerebat.
651 2269 706 2334 lpsi
721 2266 856 2329 homines,
870 2267 1000 2333 ingenio·

194 2337 296 2388 'tissimi
307 2341 389 2403 atque
400 2339 566 2401 acutissimi,
587 2353 657 2406 quae
669 2354 686 2389 a
696 2339 777 2390 nobis
788 2339 849 2389 lieri
859 2336 999 2401 viderant,

196 2420 230 2457 ea
241 2403 368 2458 sollertia
380 2408 549 2471 efficiebant,
568 2414 601 2459 ut
611 2409 702 2459 nostri
717 2408 828 2459 illorum
840 2421 925 2473 opera
936 2408 1000 2456 imi-

194 2475 248 2527 tati
268 2475 441 2540 viderentur3
461 2483 490 2528 et
509 2493 560 2529 sua
581 2484 680 2544 sponte
701 2476 790 2528 multa
804 2476 998 2542 reperiebant,

194 2557 306 2610 unoque
317 2549 439 2610 ternpore
450 2551 480 2597 et
490 2552 602 2598 nostras
622 2548 791 2599 munitiones
812 2545 998 2609 infestabant,

195 2618 226 2661 et
240 2626 305 2662 suas
322 2612 520 2666 defendebant:
538 2622 622 2684 atque
638 2617 706 2670 haec
721 2617 861 2684 prinsipes
880 2616 910 2666 in
930 2629 999 2666 eon-

195 2679 266 2729 siliis
282 2682 514 2750 tunsionibusque
531 2686 688 2752 agitabant,
704 2689 833 2754 populum
842 2683 999 2736 Romanum

195 2746 337 2809 paullatim
346 2747 377 2801 s'n
389 2753 607 2816 consuetudinem
625 2755 683 2808 eius
700 2755 780 2826 regri
794 2754 945 2824 occupanda·
954 2769 1000 2808 ee·
