2152 3132
190 157 240 209 llO
338 209 341 218 Ι
374 158 429 212 bs
451 157 592 210 BELLO
614 157 799 230 oslsbrco

186 277 245 312 earn
260 277 316 313 reor
335 261 482 331 profitetur
497 262 654 315 adiutorem.
689 263 784 316 Facile
800 261 852 316 lrac
863 265 996 318 oratione

186 331 297 383 Nerriis
313 333 471 398 persuadet.

239 435 367 487 XXXlX.
389 409 665 504 ltaque,'c0nlestim
689 436 808 488 dimissis
829 438 936 488 nunciis
957 437 994 489 ad

187 503 350 568 Ceutrones,
363 503 493 570 Grndios,
504 505 637 568 hevaeos,
646 506 832 570 Pleumoxios,
842 507 995 568 Geldunos,

186 577 233 643 qui
246 591 342 626 omnes
353 577 403 628 sub
420 591 515 629 eorum
533 577 647 642 imperio
659 583 738 639 sunt,
760 592 841 644 quam
858 579 994 626 maniolas

185 659 284 696 roanos
296 653 420 711 possunt,
443 653 545 714 cogunt
557 653 586 696 et
597 646 631 697 de
642 647 791 713 improviso
803 646 839 697 ad
851 647 994 696 Ciceronis

185 712 304 766 hiberna
320 716 465 778 advolant,
488 715 609 766 noudum
622 717 657 767 ad
675 731 739 768 eum
757 715 831 766 lama
843 716 876 766 de
888 717 993 766 Titurii

184 790 275 836 morte
288 785 404 850 perlata.
441 787 515 836 Huic
531 801 639 852 quoque
655 786 770 847 accidit,
792 785 865 853 quod
883 784 935 835 luit
948 799 994 835 ne-

185 869 270 916 cesse,
281 860 312 903 ut
324 853 450 905 nonnulli
462 855 573 916 milites,
590 855 635 921 qui
647 853 809 921 lignationis
821 855 994 905 munitionis·

185 938 239 990 que
251 938 349 972 caussa
360 926 386 973 in
399 924 481 974 silvas
493 924 692 985 discessissent,
709 926 854 989 repentino
866 926 992 991 equitum

184 991 304 1042 adventu
317 994 558 1058 interciperentur.
595 993 647 1042 llis
659 994 869 1054 circumventis,
892 1009 993 1056 magna

183 1075 267 1110 manu
281 1061 435 1122 Eburones,
453 1061 556 1122 Nervii,
578 1061 713 1112 Aduatuci
725 1067 809 1128 atquc
822 1061 920 1112 borum
934 1078 992 1114 om-

182 1130 259 1179 nium
271 1130 337 1180 socii
350 1137 379 1181 et
390 1131 504 1182 clientes
515 1129 652 1197 legionem
666 1144 825 1198 oppugnare
841 1132 991 1196 incipiunts

182 1199 272 1248 nostri
284 1199 415 1251 celeriter
425 1200 461 1252 ad
472 1215 550 1250 arma
562 1207 737 1262 concurrunt,
750 1199 850 1250 vallum
861 1215 991 1252 conscen-

183 1267 261 1320 dunt·
296 1270 385 1338 Aegre
397 1272 421 1320 is
433 1272 493 1321 dies
504 1276 685 1333 sustentatur,
704 1270 777 1337 quod
790 1284 899 1320 omnem
912 1279 989 1336 spem

183 1335 277 1390 hostes
289 1341 316 1390 in
329 1341 473 1392 celeritate
485 1341 626 1406 ponebant
641 1347 738 1408 atque,
760 1337 832 1390 hanc
847 1340 940 1404 adepti
952 1342 989 1390 ri·

182 1411 310 1474 storiam,
322 1411 524 1478 inperpetuum
537 1425 568 1462 se
579 1409 641 1462 lore
654 1412 773 1462 victores
785 1408 971 1461 confidebant.

235 1513 295 1565 Xli.
314 1515 467 1568 Mittuntur
483 1514 519 1566 ad
536 1516 683 1567 Caesarem
700 1513 847 1566 confestim
863 1514 898 1564 ab
916 1514 988 1564 Cice·
1055 1561 1056 1582 ἶ

182 1596 252 1634 rona
265 1584 390 1649 litterae,
412 1587 519 1652 magnis
530 1586 681 1652 propositis
693 1585 837 1650 praemiis,
858 1581 881 1634 si
898 1589 988 1649 pertu-

181 1650 288 1703 lissent.
324 1655 451 1706 Obsessis
463 1657 590 1706 omnibus
600 1656 664 1716 riis,
680 1655 754 1704 missi
767 1653 987 1718 intercipiuntur.

181 1721 274 1773 Noctu
287 1738 321 1774 ex
333 1740 366 1775 ea
377 1726 509 1786 materia,
530 1740 612 1791 quarn
629 1725 792 1775 munitionis
808 1738 904 1773 caussa
915 1735 986 1772 com·

181 1800 371 1856 portaverant,
383 1800 476 1844 turres
487 1793 635 1844 admodum
648 1793 722 1844 CXX
733 1794 891 1844 excitantur
900 1792 986 1841 incre·

182 1859 260 1911 diblli
273 1861 428 1913 celeritate=
450 1878 522 1930 quae
534 1863 631 1914 deesse
644 1865 720 1929 operi
733 1863 909 1923 videbantur,
926 1876 985 1927 pcr-

180 1928 321 1981 srciuotur.
356 1932 461 1983 Hostes
472 1937 587 1998 postero
599 1931 656 1994 die,
678 1932 767 1983 multo
780 1932 931 1983 maioribus
942 1944 985 1981 co·

181 2001 235 2064 piis
246 2002 360 2062 coactis,
371 2008 464 2053 castra
476 2007 647 2068 oppugnant,
659 2000 760 2052 fossam
774 2001 923 2066 complent.
943 1999 983 2050 Ab

181 2072 287 2132 uostris
304 2070 399 2121 eadum
416 2073 538 2134 ratione,
559 2086 614 2138 qua
635 2071 736 2144 pridie,
758 2072 911 2123 resistitur:
934 2068 984 2120 hoc

181 2138 255 2191 idem
269 2141 398 2206 deinceps
410 2140 524 2208 reliquis
535 2139 569 2192 lit
579 2140 685 2192 diebus.
703 2140 789 2192 Nulla
800 2156 865 2207 pars
877 2146 984 2192 noctur-

180 2210 211 2259 ni
227 2213 359 2275 temporis
376 2210 410 2261 ad
432 2211 555 2262 laborem
576 2205 783 2262 intermittitur:
806 2226 861 2260 non
884 2211 983 2278 aegris,

181 2293 237 2329 non
253 2279 407 2330 vulneratis
424 2278 541 2332 facultas
562 2282 664 2348 quietis
678 2280 773 2331 datur:
796 2294 983 2347 quaecumque

181 2349 217 2399 ad
239 2351 357 2414 proximi
378 2349 432 2402 diei
455 2351 688 2417 oppugnationem
710 2365 777 2416 opus
799 2357 878 2413 sunt,
900 2356 982 2402 noctu

181 2425 390 2485 comparantur:
415 2422 520 2471 multae
532 2427 680 2486 praeustae
692 2421 783 2480 sudes,
800 2436 916 2490 magnus
927 2419 982 2470 mu'·

180 2488 281 2539 ralium
295 2488 412 2554 pilorum
425 2505 556 2540 numerus
568 2492 735 2552 instituitur;
748 2496 842 2541 turres
854 2489 982 2542 contabu·
1053 2525 1054 2532 κ

180 2554 283 2618 lantur,
307 2560 406 2624 pinnae
427 2559 584 2626 loricaeque
607 2574 641 2611 ex
664 2559 786 2611 cratibus
806 2561 980 2612 adtexuntur.

180 2626 243 2691 lpse
261 2629 370 2689 Cicero,
392 2644 476 2695 quum
492 2631 654 2680 tenuissima
668 2631 826 2682 valetudine
844 2636 931 2691 esset,
949 2641 981 2678 nc

181 2702 349 2746 uos-turnum
362 2699 472 2763 quidem
484 2699 534 2749 sibi
548 2704 657 2767 tempus
668 2700 704 2750 ad
714 2701 836 2772 quictem
847 2698 980 2770 relinque·
1052 2749 1053 2786 ,
