2152 3144
308 202 680 256 ALEXANDRINO.
844 201 897 257 3Ὶό

91 306 167 362 utre.-
182 304 278 374 pouc'io
292 305 371 357 onnio
387 315 469 358 anteo
482 306 627 359 Gabinium
637 321 697 358 cum
708 304 832 360 exercito
846 308 896 380 fo·

91 378 142 430 iere
152 375 182 429 in
193 375 333 445 Aegypto;
351 376 508 443 Pompeium
518 393 545 428 ee
556 393 589 430 ec
599 377 675 448 stega
686 377 774 429 eodem
784 377 897 444 recepit·

91 465 138 508 ee;
156 444 297 498 Caesarem
316 445 416 497 uenisse
435 461 496 498 cum
510 445 611 513 copiie;
627 463 709 514 neque
720 454 806 498 morte
817 446 897 498 Pom·

88 516 148 588 peio'
158 514 304 584 quidquam
318 515 489 586 profectum,
510 533 561 584 qno
575 516 662 568 minue
673 517 781 584 opudte
794 513 898 568 Caesar

93 593 321 641 commoraretur:
341 600 416 653 quem
431 585 456 640 ti
470 601 522 638 non
537 586 708 654 expulissent,
723 585 854 658 fictorem
864 601 899 639 ett

93 671 178 725 regno
195 655 379 722 provinciam:
395 654 475 724 idque
494 657 627 726 egendum
645 665 766 708 motare.-
783 671 899 724 nomque

95 741 167 787 em,
187 723 365 778 interclusum
376 725 578 792 tempestatibus
585 735 699 794 propter
710 726 776 779 unni
787 734 899 793 tempus,

94 794 213 862 recipere
224 794 409 847 trorumorino
419 794 527 847 auxilio
537 813 589 849 non
594 812 683 864 poete.

146 863 196 916 lV.
223 865 339 916 Interim
351 865 522 919 dissensione
534 872 597 918 orta
606 869 682 919 inter
692 865 833 929 Achillan,
852 868 900 934 qui

94 939 231 986 veterano
243 936 376 986 exercitui
389 941 529 1000 praeerat,
540 943 569 988 et
579 939 726 1001 Arsinoen,
747 938 823 1005 regis
836 935 900 987 Pto·

94 1004 197 1058 lernaei
207 1005 343 1070 minorem
359 1005 457 1068 tiliam,
477 1012 509 1057 ut
519 1019 604 1073 supra
614 1007 837 1060 demonstratum
847 1012 902 1070 est,

96 1089 181 1142 quum
199 1079 318 1141 uterque
340 1075 452 1141 utrique
473 1075 655 1128 insidiaretur
665 1081 693 1128 et
704 1092 838 1128 summam
851 1077 901 1126 im·

96 1144 169 1212 perii
184 1144 245 1210 ipse
266 1145 393 1196 obtinere
412 1144 507 1210 vellet,
527 1152 714 1214 praeoccupat
723 1147 840 1198 Arsinoe
851 1161 902 1212 per

98 1213 281 1279 Ganymeden
312 1213 488 1279 eunuchum,
519 1218 669 1268 nutricium
690 1231 787 1278 suum,
816 1221 901 1282 atquc

96 1282 225 1336 Achillan
236 1285 376 1336 interficit
413 1286 474 1336 Hoc
485 1287 587 1349 occiso,
609 1288 671 1353 ipsa
683 1287 743 1336 sine
755 1285 813 1336 ullo
826 1285 901 1336 socio

98 1361 127 1406 et
138 1353 254 1405 custode
266 1366 348 1406 omne
359 1353 504 1420 imperium
517 1357 676 1418 obtinebut3
698 1357 837 1406 exercitus
850 1354 903 1404 Ga-

97 1423 213 1491 nymedi
224 1423 393 1474 transditur:
412 1425 446 1488 is,
462 1431 591 1492 suscepto
603 1425 704 1486 oilirio,
724 1425 902 1492 largitionem

97 1495 128 1545 iu
137 1492 242 1545 milites
253 1499 348 1560 auget,
369 1493 478 1562 reliqua
488 1495 550 1562 pari
561 1494 708 1562 diligentia
718 1494 902 1545 administret.

152 1561 184 1614 V.
202 1563 372 1614 Alexandria
387 1570 432 1615 est
447 1563 507 1616 lere
523 1569 584 1616 totu
600 1563 727 1626 suffossa,
749 1577 903 1630 specusque

97 1630 184 1684 habet
194 1633 230 1684 ed
240 1632 335 1684 Nilum
347 1633 531 1702 pertinentes,
547 1635 646 1702 quibus
657 1648 730 1703 aqua
739 1633 769 1684 in
782 1635 903 1700 privatas

99 1703 197 1756 minos
211 1701 361 1766 inducitur,
382 1718 454 1771 quae
465 1705 610 1770 paullatim
622 1705 713 1771 spatio
723 1703 858 1770 temporis
870 1702 903 1752 li-

99 1775 207 1842 quescit
227 1789 261 1824 ne
281 1773 410 1826 subsidit
447 1775 509 1826 liae
528 1776 570 1826 uti
586 1775 692 1826 domini
712 1773 903 1826 aedificiorum

98 1850 184 1912 atque
201 1858 298 1896 eorum
315 1841 438 1895 familiae
454 1850 674 1897 consueverunt:
693 1857 757 1895 nam
773 1857 844 1912 quae
855 1841 904 1894 ssu-

84 1915 173 1966 mine
194 1913 261 1966 Nilo
283 1913 389 1978 fertur,
410 1915 481 1968 aden
499 1921 543 1966 est
562 1913 664 1966 limosa
679 1930 713 1966 ac
727 1913 850 1976 turbida,
873 1919 905 1962 ut

99 1983 202 2041 multos
222 1982 369 2052 variosque
388 1985 501 2036 morbos
521 1985 633 2038 efficiat:
654 1985 704 2036 sed
716 1999 750 2036 ea
765 1984 860 2050 plebes
871 1997 904 2032 ac

99 2053 248 2105 multitudo
265 2059 399 2106 contenta
415 2060 460 2106 est
475 2056 643 2119 necessario,
664 2054 738 2121 quod
759 2053 823 2104 tons
834 2053 903 2102 urbe

98 2127 161 2174 tota
171 2123 263 2173 nullus
274 2128 327 2174 est.
355 2125 416 2176 Hoc
427 2130 521 2176 tamen
532 2123 636 2176 flumen
647 2125 678 2176 in
690 2139 724 2174 ea
733 2127 813 2189 parte
825 2120 904 2171 urbis

99 2197 170 2254 erat,
182 2199 253 2259 qnae
264 2191 300 2243 ab
310 2193 507 2244 Alexandrinis
519 2195 674 2246 tenebatur.
700 2194 761 2255 Quo
774 2191 848 2242 iacto
861 2195 903 2240 est

99 2260 257 2312 admonitus
270 2261 457 2328 Ganymedes,
468 2277 550 2328 posse
561 2268 674 2314 nostros
686 2277 759 2328 aqua
768 2258 901 2312 interclu-

99 2330 142 2394 di;
160 2330 217 2398 qui,
238 2330 384 2383 distributi
405 2332 587 2383 munitionum
607 2331 775 2382 tuendarum
796 2344 902 2391 caussa,

97 2401 210 2452 vicatim
221 2415 256 2452 ex
270 2403 386 2466 privatis
397 2401 541 2466 aediliciis,
563 2400 699 2470 specubus
710 2415 743 2453 ac
753 2400 845 2468 puteis
857 2413 903 2450 ex·

97 2475 189 2523 tracta
200 2483 274 2537 aqua
283 2473 441 2524 utebantur.

150 2539 195 2592 Vl.
217 2539 280 2592 Hoc
300 2542 418 2608 probato
440 2542 570 2604 consilio,
590 2555 721 2609 magnum
737 2555 770 2591 uc
786 2536 900 2590 difficile

14 2652 16 2658 ,
98 2624 167 2678 opus
189 2609 360 2676 adgreditur.
397 2611 562 2678 interseptio
577 2612 650 2664 enim
667 2611 804 2678 specubus
815 2614 900 2676 atque

99 2682 227 2734 omnibus
237 2682 313 2734 urbis
324 2683 449 2751 partibus
461 2682 597 2745 exclusis,
619 2697 690 2750 quae
702 2681 735 2734 ab
751 2681 813 2748 ipso
824 2684 902 2732 tene·

99 2752 213 2822 bantur,
234 2755 528 2825 aquaemagnemvim
539 2753 655 2807 ermari
669 2755 740 2806 rotis
757 2766 790 2803 ee
799 2747 900 2803 machi·
