2168 3134
183 188 232 240 188
366 187 423 240 DE
448 185 589 239 BELLO
616 183 803 239 arabico

180 293 268 344 loraci
284 307 365 343 suum
381 305 526 340 numerum
538 303 592 339 non
605 288 791 351 contulerunt,
808 288 880 357 quod
892 305 922 341 se
933 304 989 341 suu

180 364 293 414 nomine
304 368 385 429 atque
397 361 512 410 arbitrio
524 360 723 411 cumllomanis
736 359 839 412 bellum
852 367 988 426 gesturus

181 433 318 493 dicerent,
332 445 421 498 neque
433 430 593 495 cuiusquam
604 429 719 495 imperio
732 430 988 495 obtemperaturos:

173 503 273 569 'rogati
285 501 422 552 tamenab
436 500 579 566 Commio„
592 513 644 566 pro
656 500 714 550 eius
725 497 845 566 hospitio
857 499 921 550 bina
933 501 986 550 mi·

181 572 221 623 lia
233 573 377 624 miserunt.
567 605 568 617 t
962 567 966 572 '

233 640 356 694 LXXVI.
374 639 465 691 Huius
487 653 571 704 opera
588 638 711 701 Commii,
733 639 773 700 ita
793 645 823 690 ut
839 643 922 690 antea
937 638 985 690 de·

177 713 407 771 'monstravimus,
431 707 507 758 fideli
524 712 608 775 atque
624 709 687 759 utili
704 709 891 775 superioribus
903 709 984 759 antris
1024 762 1025 770 ἵ

174 774 245 832 ‘eret
256 784 322 830 usus
334 783 361 830 in
373 779 519 829 Britannia
530 778 644 828 Caesar:
664 779 761 846 quibus
778 778 824 830 ille
841 793 890 845 pre
902 775 985 830 meri·

181 851 219 901 tis
231 850 369 900 civitatem
382 849 440 899 eius
453 848 601 896 imnnmenr
615 862 675 898 esse
687 848 814 910 iusserat,
825 850 886 899 iura
896 847 986 914 leges-

176 923 236 986 'qne
247 917 407 970 reddiderat
418 921 500 982 atque
511 915 563 981 ipsi
575 916 701 966 Morinos
714 917 894 970 adtribuerat.
911 917 986 968 Tan·

177 988 211 1039 'tn
226 993 318 1037 tamen
336 988 480 1036 universae
493 983 601 1036 Galliae
618 989 763 1036 consensio
780 986 835 1037 fuit
845 988 985 1038 libertatis

179 1055 361 1107 vindicandae
374 1061 402 1107 et
417 1053 549 1120 pristinae
570 1053 636 1105 belli
657 1048 751 1106 laudis'
767 1057 985 1123 recuperandae,

177 1122 212 1176 'ut
224 1137 311 1192 neque
322 1123 477 1183 beneficiis,
499 1124 588 1190 nequ'e
599 1125 734 1176 anricitiae
747 1129 880 1177 memoria
892 1142 984 1178 more-

179 1201 293 1258 rentum
313 1208 461 1260 omnesque
480 1200 509 1243 et
524 1194 616 1243 animo
634 1199 663 1244 et
680 1195 776 1262 opibus
792 1197 821 1246 in
837 1196 865 1246 id
876 1195 983 1247 bellurn

179 1265 384 1328 incumberent,
406 1263 509 1314 coactis
526 1263 648 1330 equitum
664 1263 728 1316 Vlll
746 1265 855 1316 milibus
867 1272 895 1316 ct
907 1265 984 1332 pedi·

178 1341 240 1386 'tum
253 1333 362 1387 circiter
375 1333 476 1384 ccxi,
511 1333 633 1384 Haecin
649 1333 805 1385 Aeduorum
822 1336 922 1386 linibus
939 1350 983 1386 re·

179 1406 374 1466 censebantur,
386 1418 571 1470 numerusque
583 1403 717 1468 inibatur3
736 1405 870 1470 praefecti
883 1406 983 1455 consti·

180 1477 345 1527 tuebantur:
366 1473 489 1526 Commio
504 1473 641 1536 Atrebati,
658 1473 827 1527 Virdumaro
840 1480 869 1526 et
879 1475 983 1540 Epore-

180 1545 272 1612 dirigi,
293 1544 403 1605 Aeduis,
425 1542 641 1609 Vergasillauno
662 1543 795 1605 Arverno,
817 1545 982 1596 consobrino

178 1613 426 1684 Vercingetorigis,
438 1627 544 1662 summa
555 1613 661 1678 imperii
674 1613 836 1664 transditnr.
870 1615 923 1664 His
936 1613 982 1664 de:

178 1682 245 1734 lecti
268 1697 302 1733 ex
321 1682 477 1732 civitatibus
499 1681 702 1743 adtribuuntur,
724 1697 842 1749 quorum
865 1684 981 1733 consilio

178 1751 282 1801 bellum
299 1750 548 1802 administraretur.
585 1749 686 1800 Omnes
703 1751 809 1802 alacres
824 1759 853 1803 et
864 1752 980 1803 liduciae

178 1817 254 1885 pleni
267 1820 301 1869 ad
313 1819 433 1869 Alesiam
446 1819 670 1883 proficiscuntur:
683 1833 772 1887 neque
785 1827 845 1872 erat
857 1821 978 1871 emnium
1065 1873 1066 1876 ,

178 1888 335 1958 quisquam,
357 1889 403 1956 qui
416 1887 576 1952 adspectum
588 1886 671 1937 modo
682 1893 778 1940 tantae
794 1889 978 1940 multitudinis

178 1959 310 2008 'sustineri
336 1963 419 2022 posse
445 1957 645 2020 arbitraretur3
678 1961 839 2023 praesertim
865 1960 978 2026 ancipiti

178 2027 295 2104 proelio,
308 2042 391 2094 quum
404 2041 438 2078 ex
450 2026 551 2094 oppido
563 2028 898 2096 eruptione'pugnaretur,
909 2028 979 2082 foris

178 2103 273 2148 tantae
286 2099 380 2163 copiae
392 2098 530 2164 equitatus
545 2095 740 2164 peditatusque
753 2106 944 2151 cernerentur.

182 2173 202 2184 ’“
231 2167 370 2220 LXXVll.
390 2167 425 2218 At
440 2168 471 2230 ii,
493 2166 542 2232 qui
557 2166 665 2218 Alesiae
682 2168 889 2232 obsidebantur,
903 2185 981 2236 prae·

178 2237 264 2305 terite
276 2238 334 2302 die,
355 2253 409 2304 qua
420 2251 532 2287 suorum
545 2235 649 2287 auxilia
661 2245 902 2304 exspectaverant,
918 2239 981 2290 con-v

178 2314 270 2359 sumto
284 2309 357 2358 omni
369 2306 518 2370 frumento,
533 2307 627 2369 inscii,
644 2307 709 2372 quid
720 2309 748 2358 in
759 2309 861 2376 Aeduis
873 2325 978 2378 gerere-

178 2381 234 2440 tur,
257 2379 374 2428 concilio
395 2373 502 2438 coacto,
525 2377 559 2426 de
576 2377 651 2427 exitu
672 2375 846 2430 fortunarum
867 2395 981 2430 suarum-

180 2447 382 2498 consultnbant.
428 2446 506 2512 Apud
529 2460 596 2513 quos
617 2448 701 2497 variis
714 2448 803 2500 dictis
825 2450 979 2511 sententiis,

179 2529 293 2580 quarum
313 2531 377 2583 pars
394 2516 571 2576 deditionem,
592 2530 663 2581 pars,
686 2516 750 2568 dum
766 2519 837 2570 vires
855 2525 978 2585 suppete-
1065 2537 1066 2540 ¹

178 2588 250 2645 tent,
267 2585 439 2650 eruptionem
453 2585 611 2647 censebant,
627 2601 681 2636 non
694 2589 897 2652 praetereunda
908 2587 978 2639 ride·

163 2687 165 2694 .
178 2655 225 2712 tnr
237 2655 326 2702 oratio
340 2653 501 2720 Critognati,
513 2660 626 2720 prepter
638 2654 697 2706 eius
711 2658 876 2724 singularem
890 2675 923 2708 ac
936 2675 977 2708 ne·

178 2717 277 2770 fariam
291 2721 495 2792 crudelitatem.
526 2723 588 2786 llic,
601 2740 706 2776 summo
718 2727 746 2776 ln
757 2730 887 2780 Arvernis
900 2733 975 2778 ortus
