2134 3148
183 179 237 232 lto
372 182 403 232 A,
421 179 562 234 lllRTll
580 178 638 230 DE
657 177 800 231 BELLO

183 284 326 336 evocabat.
361 283 406 335 lta
415 286 470 336 vim
481 283 620 344 hostium,
639 283 748 349 placide
758 283 915 348 leniterque
926 297 990 350 nro·

183 352 293 415 cedens,
303 369 354 422 per
362 353 546 422 legionarium
559 353 676 404 militem
688 352 860 404 commodius
870 352 990 404 sustine·

183 423 240 473 bat.
275 423 390 474 Interim
402 425 526 491 equitum
537 423 720 476 Numidarum
735 424 832 490 copiae
844 421 946 473 dextra
956 423 991 471 si·

184 495 328 560 nistraque
341 508 391 559 per
402 493 488 544 colles
500 508 691 559 praecurrere,
702 508 880 560 coronaeque
891 494 920 542 io
933 507 989 541 nno·

183 563 250 614 dnm
261 563 372 630 cingere
383 563 562 614 multitudine
578 563 766 614 suaCaesaris
782 562 893 629 copias3
922 576 988 628 pars

184 647 285 698 agonen
299 639 454 684 extremum
465 634 583 701 insequi.
616 633 743 683 Caesaris
755 637 848 683 autem
864 646 921 682 non
933 647 990 681 am·

183 703 256 770 plius
267 708 326 752 tres
343 708 392 754 aut
403 707 523 771 quatuor
539 702 641 752 milites
658 703 783 753 rctcrani
797 703 820 750 si
831 717 861 752 se
872 716 988 751 conner-

183 773 285 823 tissent
300 776 329 822 et
347 771 405 838 pila
419 772 523 822 viribus
539 779 668 823 contorta
683 775 711 823 in
723 771 857 822 Numidas
869 771 989 821 infestos

184 841 380 903 coniecissent,
392 842 511 908 amplius
523 842 607 893 duum
620 842 724 892 milium
737 856 852 893 numero
859 840 894 892 ad
903 855 988 890 uuum

184 919 266 978 terga
276 911 422 963 vertebant
432 928 465 963 ac
476 927 572 963 rursus
584 911 619 963 ad
630 914 717 963 aciem
730 913 846 977 passim,
876 925 989 961 conver-

184 983 223 1030 sis
236 981 327 1046 equis,
357 995 388 1032 se
404 981 574 1049 colligebant
589 988 672 1049 atque
688 984 717 1032 in
734 984 826 1047 spatio
837 995 990 1048 conseque·
1049 996 1050 1052 n

132 1103 138 1112 ,
183 1049 287 1100 bantur
307 1055 337 1101 et
355 1050 447 1102 iacula
469 1053 499 1102 in
520 1051 690 1119 legionarios
710 1050 905 1103 coniiciebant.
946 1050 991 1100 lta
1049 1063 1050 1066 ’

185 1119 302 1183 Caesar,
328 1120 410 1171 modo
426 1121 617 1186 procedendo,
639 1121 722 1174 modo
737 1121 909 1182 resistendo,
932 1125 989 1170 tar-

185 1190 247 1242 dius
259 1192 360 1242 itinere
371 1189 509 1254 conlecto,
530 1194 620 1243 noctis
631 1189 701 1242 hora
713 1193 801 1258 prima
812 1205 910 1242 omnes
923 1205 989 1239 snos

184 1261 221 1312 ad
231 1277 316 1313 unum
331 1262 360 1312 in
371 1267 463 1312 castra
476 1261 645 1325 incolumes,
677 1262 778 1313 sauciis
790 1261 886 1313 decern
899 1259 989 1322 sactis,
1050 1278 1051 1282 ¹

187 1331 303 1383 reduxit.
340 1330 495 1392 Labienus,
515 1331 627 1382 circiter
637 1332 770 1382 trecentis
780 1330 901 1391 amissis,
921 1330 989 1380 mul·

186 1404 222 1452 tis
235 1402 399 1464 vulneratis,
414 1416 446 1451 ac
457 1399 574 1452 defessis
586 1401 715 1452 instando
727 1402 863 1463 omnibus,
874 1399 911 1450 ad
921 1416 989 1450 suos

184 1488 214 1524 se
229 1473 342 1538 recepit
378 1471 470 1538 Scipio
486 1472 597 1522 interim
614 1471 740 1538 legiones
755 1471 904 1538 productas
926 1485 989 1520 cum

184 1540 354 1608 elephantis,
386 1557 455 1608 quos
466 1547 532 1592 ante
549 1546 641 1591 castra
657 1543 684 1590 in
696 1542 756 1592 acie
767 1541 884 1592 terroris
893 1541 991 1606 gratia

184 1613 212 1662 in
225 1618 374 1678 conspectu
386 1612 512 1663 Caesaris
523 1611 718 1671 collocaverat,
730 1611 838 1662 reducit
848 1611 874 1659 in
886 1616 990 1660 castra

238 1680 337 1732 LXXl.
356 1681 459 1732 Caesar
476 1687 576 1732 contra
590 1681 726 1732 eiusmodi
742 1678 864 1732 hostium
883 1693 991 1746 genera

184 1750 279 1816 copias
290 1765 367 1812 suas,
388 1766 443 1801 non
455 1757 486 1801 ut
497 1751 650 1816 imperator
661 1752 811 1802 exercitum
824 1755 990 1801 veteranum

182 1820 370 1886 victoremque
382 1820 508 1870 nrauimis
519 1821 601 1872 rebus
612 1822 712 1888 gestis,
741 1821 791 1872 sed
802 1826 832 1872 ut
844 1819 947 1870 lanista
957 1823 993 1871 ti·

183 1903 266 1940 rencs
276 1889 449 1956 gladiatores
465 1889 696 1942 condocefacerc:
728 1906 783 1958 quo
796 1890 866 1956 pede
877 1905 907 1939 se
919 1891 991 1940 reci-

182 1964 281 2026 percat
291 1959 325 2010 ab
336 1957 429 2021 hoste,
460 1964 488 2010 et
498 1960 730 2025 quemadmodum
740 1961 850 2012 obversi
860 1959 992 2010 adversa·

181 2031 241 2100 riis,
260 2033 289 2081 et
299 2029 328 2079 in
340 2028 474 2096 quantulo
485 2031 575 2096 spatio
587 2032 767 2092 resisterent3
783 2027 865 2080 modo
876 2042 992 2094 procur·

184 2105 293 2161 reront,
321 2099 404 2150 modo
420 2099 584 2150 recederent
598 2103 888 2166 comminarentnrque
903 2100 990 2164 inlpe-

183 2177 258 2233 tum;
279 2185 311 2220 ac
321 2184 416 2236 prope,
437 2184 491 2235 quo
503 2169 566 2220 loco
578 2175 606 2220 et
618 2169 848 2238 quemadmodum
859 2167 920 2230 tela
927 2169 990 2217 mit-

183 2247 292 2303 terent,
319 2239 465 2308 pracclpit.
501 2240 619 2290 Mirifice
641 2241 714 2291 enim
729 2238 849 2290 hostium
865 2237 934 2288 levis
946 2253 990 2287 ar-

185 2315 296 2361 matura
309 2311 420 2361 anxium
434 2309 585 2361 exercitum
598 2315 722 2360 nostrum
736 2315 819 2376 atque
835 2307 987 2358 sollicitum

185 2377 315 2432 habebat:
346 2381 411 2446 quia
427 2384 455 2430 et
470 2379 578 2446 equites
595 2378 754 2430 deterrebat
766 2377 899 2444 proelium
914 2378 989 2428 inire

184 2457 297 2516 propter
308 2463 443 2514 equorum
454 2449 610 2510 interitum,
630 2448 703 2516 quod
715 2465 763 2500 eos
774 2447 870 2498 iaculis
880 2447 987 2498 interdi-

183 2519 306 2579 ciebant3
320 2518 535 2586 etlegionariurn
544 2518 859 2586 militemdefatigabant
871 2523 988 2582 propter

182 2584 376 2646 yelocitatem:
397 2589 490 2654 granis
501 2587 573 2637 enim
589 2593 747 2638 aruraturae
762 2587 841 2638 miles
852 2585 934 2636 sirmii
946 2593 988 2636 at-

183 2667 236 2770 ?ne
249 2653 282 2703 ab
295 2651 336 2704 his
347 2655 500 2705 insectatus
512 2657 675 2716 constiterat
690 2658 717 2706 in
730 2672 834 2723 cosque
853 2659 986 2720 impetum

196 2725 305 2782 ecerat,
335 2720 378 2771 illi
391 2721 478 2773 veloci
494 2738 576 2774 cursu
593 2723 674 2775 facilc
687 2725 839 2792 periculum
854 2724 979 2774 vitabant
