<?xml version="1.0" encoding="UTF-8"?>
<!DOCTYPE html PUBLIC "-//W3C//DTD XHTML 1.0 Transitional//EN"
    "http://www.w3.org/TR/xhtml1/DTD/xhtml1-transitional.dtd">
<html xmlns="http://www.w3.org/1999/xhtml" xml:lang="en" lang="en">
 <head>
  <title>
</title>
<meta http-equiv="Content-Type" content="text/html;charset=utf-8" />
  <meta name='ocr-system' content='tesseract 3.04.00' />
  <meta name='ocr-capabilities' content='ocr_page ocr_carea ocr_par ocr_line ocrx_word'/>
</head>
<body>
  <div class='ocr_page' id='page_1' title='image "./cjuliicaesarisc05caesgoog_0126.png"; bbox 0 0 2152 3132; ppageno 0'>
   <div class='ocr_carea' id='block_1_1' title="bbox 164 170 796 274">
    <p class='ocr_par' dir='ltr' id='par_1_1' title="bbox 164 170 796 274">
     <span class='ocr_line' id='line_1_1' title="bbox 164 170 796 274; baseline 0 -14"><span class='ocrx_word' id='word_1_1' title='bbox 164 181 234 266; x_wconf 56' lang='lat' dir='ltr'>Quo</span> <span class='ocrx_word' id='word_1_2' title='bbox 263 175 266 183; x_wconf 48' lang='lat'><strong><em>⁴</em></strong></span> <span class='ocrx_word' id='word_1_3' title='bbox 297 170 322 247; x_wconf 54' lang='grc' dir='ltr'>ἶ</span> <span class='ocrx_word' id='word_1_4' title='bbox 354 183 585 274; x_wconf 70' lang='lat' dir='ltr'>Laeuiano</span> <span class='ocrx_word' id='word_1_5' title='bbox 608 183 796 265; x_wconf 67' lang='lat' dir='ltr'>unmrc&#39;o</span> 
     </span>
    </p>
   </div>
   <div class='ocr_carea' id='block_1_2' title="bbox 130 309 989 660">
    <p class='ocr_par' dir='ltr' id='par_1_2' title="bbox 164 309 988 386">
     <span class='ocr_line' id='line_1_2' title="bbox 164 309 988 386; baseline 0 -19"><span class='ocrx_word' id='word_1_6' title='bbox 164 317 173 330; x_wconf 80' lang='grc'>·“</span> <span class='ocrx_word' id='word_1_7' title='bbox 183 316 315 386; x_wconf 79' lang='lat' dir='ltr'>quissimd</span> <span class='ocrx_word' id='word_1_8' title='bbox 327 309 607 382; x_wconf 74' lang='lat' dir='ltr'>p&#39;otes&#39;tloco,‘castra</span> <span class='ocrx_word' id='word_1_9' title='bbox 617 313 778 365; x_wconf 69' lang='lat' dir='ltr'>commeruit.</span> <span class='ocrx_word' id='word_1_10' title='bbox 798 309 988 381; x_wconf 56' lang='lat' dir='ltr'>‘nsque-laer,</span> 
     </span>
    </p>

    <p class='ocr_par' dir='ltr' id='par_1_3' title="bbox 151 381 988 454">
     <span class='ocr_line' id='line_1_3' title="bbox 151 381 988 454; baseline -0.002 -16"><span class='ocrx_word' id='word_1_11' title='bbox 151 393 154 397; x_wconf 86' lang='lat'>&#39;</span> <span class='ocrx_word' id='word_1_12' title='bbox 183 389 236 438; x_wconf 86' lang='lat' dir='ltr'>etsi</span> <span class='ocrx_word' id='word_1_13' title='bbox 252 385 333 437; x_wconf 72' lang='lat' dir='ltr'>erant</span> <span class='ocrx_word' id='word_1_14' title='bbox 343 387 449 454; x_wconf 28' lang='lat' dir='ltr'>,exigua</span> <span class='ocrx_word' id='word_1_15' title='bbox 459 386 517 450; x_wconf 80' lang='lat' dir='ltr'>per</span> <span class='ocrx_word' id='word_1_16' title='bbox 530 391 575 445; x_wconf 83' lang='lat' dir='ltr'>se,</span> <span class='ocrx_word' id='word_1_17' title='bbox 595 384 641 434; x_wconf 84' lang='lat' dir='ltr'>vix</span> <span class='ocrx_word' id='word_1_18' title='bbox 657 381 797 433; x_wconf 87' lang='lat' dir='ltr'>hominum</span> <span class='ocrx_word' id='word_1_19' title='bbox 810 384 988 446; x_wconf 44' lang='lat' dir='ltr'>aniliumell,</span> 
     </span>
    </p>

    <p class='ocr_par' dir='ltr' id='par_1_4' title="bbox 130 448 989 660">
     <span class='ocr_line' id='line_1_4' title="bbox 132 448 988 526; baseline 0 -24"><span class='ocrx_word' id='word_1_20' title='bbox 132 468 134 472; x_wconf 73' lang='grc'>’</span> <span class='ocrx_word' id='word_1_21' title='bbox 154 496 159 502; x_wconf 69' lang='grc'>,</span> <span class='ocrx_word' id='word_1_22' title='bbox 171 455 347 526; x_wconf 77' lang='lat' dir='ltr'>&#39;praesertim</span> <span class='ocrx_word' id='word_1_23' title='bbox 358 453 443 524; x_wconf 83' lang='lat' dir='ltr'>nullis</span> <span class='ocrx_word' id='word_1_24' title='bbox 451 448 512 504; x_wconf 83' lang='lat' dir='ltr'>cum</span> <span class='ocrx_word' id='word_1_25' title='bbox 521 453 733 519; x_wconf 67' lang='lat' dir='ltr'>impedimentis,</span> <span class='ocrx_word' id='word_1_26' title='bbox 743 458 838 504; x_wconf 86' lang='lat' dir='ltr'>tumen</span> <span class='ocrx_word' id='word_1_27' title='bbox 849 455 988 518; x_wconf 84' lang='lat' dir='ltr'>angustiis</span> 
     </span>
     <span class='ocr_line' id='line_1_5' title="bbox 130 518 988 596; baseline -0.006 -22"><span class='ocrx_word' id='word_1_28' title='bbox 130 531 132 534; x_wconf 82' lang='lat'>&#39;</span> <span class='ocrx_word' id='word_1_29' title='bbox 152 520 301 596; x_wconf 72' lang='lat' dir='ltr'>&#39;&#39;&#39;&#39;niarum,</span> <span class='ocrx_word' id='word_1_30' title='bbox 312 519 528 593; x_wconf 66' lang='lat' dir='ltr'>&#39;quammaxime</span> <span class='ocrx_word' id='word_1_31' title='bbox 539 527 641 589; x_wconf 83' lang='lat' dir='ltr'>potest,</span> <span class='ocrx_word' id='word_1_32' title='bbox 649 518 807 584; x_wconf 72' lang='lat' dir='ltr'>‘contrahit</span> <span class='ocrx_word' id='word_1_33' title='bbox 815 536 851 573; x_wconf 85' lang='lat' dir='ltr'>ee</span> <span class='ocrx_word' id='word_1_34' title='bbox 862 521 988 583; x_wconf 85' lang='lat' dir='ltr'>consilio,</span> 
     </span>
     <span class='ocr_line' id='line_1_6' title="bbox 145 590 989 660; baseline -0.008 -13"><span class='ocrx_word' id='word_1_35' title='bbox 145 611 148 616; x_wconf 87' lang='lat'>·</span> <span class='ocrx_word' id='word_1_36' title='bbox 168 591 170 596; x_wconf 67' lang='grc'><strong>’</strong></span> <span class='ocrx_word' id='word_1_37' title='bbox 183 602 218 647; x_wconf 91' lang='lat' dir='ltr'>ut</span> <span class='ocrx_word' id='word_1_38' title='bbox 234 591 419 660; x_wconf 76' lang='lat' dir='ltr'>in‘sumri&#39;ram&#39;·</span> <span class='ocrx_word' id='word_1_39' title='bbox 430 594 652 645; x_wconf 83' lang='lat' dir='ltr'>contemtionem·</span> <span class='ocrx_word' id='word_1_40' title='bbox 667 590 793 642; x_wconf 86' lang='lat' dir='ltr'>hostibus</span> <span class='ocrx_word' id='word_1_41' title='bbox 804 591 910 642; x_wconf 73' lang='lat' dir='ltr'>ueniat.</span> <span class='ocrx_word' id='word_1_42' title='bbox 926 617 928 623; x_wconf 43' lang='lat' dir='ltr'>v</span> <span class='ocrx_word' id='word_1_43' title='bbox 945 592 989 642; x_wconf 88' lang='lat' dir='ltr'>lu-</span> 
     </span>
    </p>
   </div>
   <div class='ocr_carea' id='block_1_3' title="bbox 146 661 1067 730">
    <p class='ocr_par' dir='ltr' id='par_1_5' title="bbox 146 661 1067 730">
     <span class='ocr_line' id='line_1_7' title="bbox 146 661 1067 730; baseline -0.005 -15"><span class='ocrx_word' id='word_1_44' title='bbox 146 669 149 674; x_wconf 79' lang='grc'><strong>“</strong></span> <span class='ocrx_word' id='word_1_45' title='bbox 165 669 168 674; x_wconf 91' lang='grc'><strong>’</strong></span> <span class='ocrx_word' id='word_1_46' title='bbox 184 665 280 726; x_wconf 80' lang='lat' dir='ltr'>terim,</span> <span class='ocrx_word' id='word_1_47' title='bbox 302 663 523 730; x_wconf 80' lang='lat' dir='ltr'>speculatoribus</span> <span class='ocrx_word' id='word_1_48' title='bbox 532 661 563 728; x_wconf 79' lang='lat' dir='ltr'>in</span> <span class='ocrx_word' id='word_1_49' title='bbox 575 675 670 712; x_wconf 87' lang='lat' dir='ltr'>omnes</span> <span class='ocrx_word' id='word_1_50' title='bbox 682 661 919 727; x_wconf 86' lang='lat' dir='ltr'>partesdimissis,</span> <span class='ocrx_word' id='word_1_51' title='bbox 941 673 989 710; x_wconf 80' lang='lat' dir='ltr'>ex·</span> <span class='ocrx_word' id='word_1_52' title='bbox 1066 703 1067 710; x_wconf 74' lang='grc'>,</span> 
     </span>
    </p>
   </div>
   <div class='ocr_carea' id='block_1_4' title="bbox 134 725 1067 2816">
    <p class='ocr_par' dir='ltr' id='par_1_6' title="bbox 146 725 1067 1842">
     <span class='ocr_line' id='line_1_8' title="bbox 175 725 988 813; baseline -0.005 -28"><span class='ocrx_word' id='word_1_53' title='bbox 175 725 293 813; x_wconf 35' lang='lat' dir='ltr'>,plorum</span> <span class='ocrx_word' id='word_1_54' title='bbox 315 747 370 800; x_wconf 81' lang='lat' dir='ltr'>qua</span> <span class='ocrx_word' id='word_1_55' title='bbox 387 729 609 784; x_wconf 79' lang='lat' dir='ltr'>commodissimo</span> <span class='ocrx_word' id='word_1_56' title='bbox 625 731 728 782; x_wconf 81' lang='lat' dir='ltr'>itinere</span> <span class='ocrx_word' id='word_1_57' title='bbox 744 729 846 782; x_wconf 83' lang='lat' dir='ltr'>vallem</span> <span class='ocrx_word' id='word_1_58' title='bbox 862 726 988 781; x_wconf 78' lang='lat' dir='ltr'>transire</span> 
     </span>
     <span class='ocr_line' id='line_1_9' title="bbox 206 793 861 854; baseline -0.007 0"><span class='ocrx_word' id='word_1_59' title='bbox 206 803 291 854; x_wconf 49' lang='lat' dir='ltr'>assita</span> <span class='ocrx_word' id='word_1_60' title='bbox 341 813 344 818; x_wconf 85' lang='lat'>·</span> <span class='ocrx_word' id='word_1_61' title='bbox 567 805 569 810; x_wconf 87' lang='lat'>&#39;</span> <span class='ocrx_word' id='word_1_62' title='bbox 697 793 700 812; x_wconf 84' lang='lat'>¹</span> <span class='ocrx_word' id='word_1_63' title='bbox 758 823 759 826; x_wconf 40' lang='lat'>¹</span> <span class='ocrx_word' id='word_1_64' title='bbox 842 833 861 839; x_wconf 70' lang='lat'>.,</span> 
     </span>
     <span class='ocr_line' id='line_1_10' title="bbox 159 819 990 938; baseline -0.004 -15"><span class='ocrx_word' id='word_1_65' title='bbox 159 879 161 884; x_wconf 88' lang='grc'><strong>’</strong></span> <span class='ocrx_word' id='word_1_66' title='bbox 184 819 203 889; x_wconf 59' lang='lat' dir='ltr'>&#39;p‘</span> <span class='ocrx_word' id='word_1_67' title='bbox 231 872 264 923; x_wconf 84' lang='lat' dir='ltr'>L.</span> <span class='ocrx_word' id='word_1_68' title='bbox 277 873 317 922; x_wconf 75' lang='lat' dir='ltr'>lio</span> <span class='ocrx_word' id='word_1_69' title='bbox 330 871 383 933; x_wconf 77' lang='lat' dir='ltr'>(lie,</span> <span class='ocrx_word' id='word_1_70' title='bbox 394 869 517 938; x_wconf 80' lang='lat' dir='ltr'>parvalis</span> <span class='ocrx_word' id='word_1_71' title='bbox 529 869 705 937; x_wconf 67' lang='lat' dir='ltr'>equestribus</span> <span class='ocrx_word' id='word_1_72' title='bbox 716 868 830 935; x_wconf 84' lang='lat' dir='ltr'>proeliis</span> <span class='ocrx_word' id='word_1_73' title='bbox 841 867 877 920; x_wconf 87' lang='lat' dir='ltr'>ad</span> <span class='ocrx_word' id='word_1_74' title='bbox 887 881 990 936; x_wconf 86' lang='lat' dir='ltr'>aquam</span> 
     </span>
     <span class='ocr_line' id='line_1_11' title="bbox 183 937 991 1008; baseline -0.007 -14"><span class='ocrx_word' id='word_1_75' title='bbox 183 937 279 1002; x_wconf 78' lang='lat' dir='ltr'>factis,</span> <span class='ocrx_word' id='word_1_76' title='bbox 297 943 408 1008; x_wconf 88' lang='lat' dir='ltr'>utrique</span> <span class='ocrx_word' id='word_1_77' title='bbox 419 953 481 992; x_wconf 87' lang='lat' dir='ltr'>sese</span> <span class='ocrx_word' id='word_1_78' title='bbox 492 946 542 991; x_wconf 77' lang='lat' dir='ltr'>su‘u</span> <span class='ocrx_word' id='word_1_79' title='bbox 555 941 787 1002; x_wconf 61' lang='lat' dir='ltr'>loco²continent3</span> <span class='ocrx_word' id='word_1_80' title='bbox 809 938 892 1002; x_wconf 81' lang='lat' dir='ltr'>Galli,</span> <span class='ocrx_word' id='word_1_81' title='bbox 914 937 991 1006; x_wconf 91' lang='lat' dir='ltr'>quod</span> 
     </span>
     <span class='ocr_line' id='line_1_12' title="bbox 184 1007 991 1076; baseline -0.005 -14"><span class='ocrx_word' id='word_1_82' title='bbox 184 1011 333 1076; x_wconf 81' lang='lat' dir='ltr'>ampliores</span> <span class='ocrx_word' id='word_1_83' title='bbox 345 1012 448 1076; x_wconf 87' lang='lat' dir='ltr'>copias,</span> <span class='ocrx_word' id='word_1_84' title='bbox 463 1007 667 1076; x_wconf 82' lang='lat' dir='ltr'>quaerundum</span> <span class='ocrx_word' id='word_1_85' title='bbox 680 1013 878 1070; x_wconf 84' lang='lat' dir='ltr'>conuenerant,</span> <span class='ocrx_word' id='word_1_86' title='bbox 895 1023 991 1074; x_wconf 83' lang='lat' dir='ltr'>exspe-</span> 
     </span>
     <span class='ocr_line' id='line_1_13' title="bbox 182 1075 991 1142; baseline -0.006 -11"><span class='ocrx_word' id='word_1_87' title='bbox 182 1081 310 1142; x_wconf 84' lang='lat' dir='ltr'>ctabant3</span> <span class='ocrx_word' id='word_1_88' title='bbox 333 1078 450 1140; x_wconf 82' lang='lat' dir='ltr'>Caesar,</span> <span class='ocrx_word' id='word_1_89' title='bbox 466 1081 488 1128; x_wconf 93' lang='lat' dir='ltr'>si</span> <span class='ocrx_word' id='word_1_90' title='bbox 499 1077 574 1130; x_wconf 77' lang='lat' dir='ltr'>forte</span> <span class='ocrx_word' id='word_1_91' title='bbox 585 1079 695 1130; x_wconf 86' lang='lat' dir='ltr'>timoris</span> <span class='ocrx_word' id='word_1_92' title='bbox 706 1078 883 1128; x_wconf 73' lang='lat' dir='ltr'>simulatione</span> <span class='ocrx_word' id='word_1_93' title='bbox 896 1075 991 1128; x_wconf 85' lang='lat' dir='ltr'>hostes</span> 
     </span>
     <span class='ocr_line' id='line_1_14' title="bbox 182 1147 1067 1215; baseline -0.003 -15"><span class='ocrx_word' id='word_1_94' title='bbox 182 1153 212 1200; x_wconf 89' lang='lat' dir='ltr'>iu</span> <span class='ocrx_word' id='word_1_95' title='bbox 223 1164 304 1213; x_wconf 87' lang='lat' dir='ltr'>suum</span> <span class='ocrx_word' id='word_1_96' title='bbox 316 1149 408 1200; x_wconf 83' lang='lat' dir='ltr'>lucum</span> <span class='ocrx_word' id='word_1_97' title='bbox 420 1147 520 1200; x_wconf 81' lang='lat' dir='ltr'>elie&#39;ere</span> <span class='ocrx_word' id='word_1_98' title='bbox 532 1153 633 1215; x_wconf 85' lang='lat' dir='ltr'>posset,</span> <span class='ocrx_word' id='word_1_99' title='bbox 649 1149 763 1199; x_wconf 87' lang='lat' dir='ltr'>utcitra</span> <span class='ocrx_word' id='word_1_100' title='bbox 771 1147 874 1198; x_wconf 75' lang='lat' dir='ltr'>uallem</span> <span class='ocrx_word' id='word_1_101' title='bbox 886 1160 936 1212; x_wconf 90' lang='lat' dir='ltr'>pro</span> <span class='ocrx_word' id='word_1_102' title='bbox 948 1161 992 1198; x_wconf 88' lang='lat' dir='ltr'>ca·</span> <span class='ocrx_word' id='word_1_103' title='bbox 1066 1199 1067 1214; x_wconf 28' lang='lat'>1</span> 
     </span>
     <span class='ocr_line' id='line_1_15' title="bbox 183 1217 1067 1286; baseline -0.003 -18"><span class='ocrx_word' id='word_1_104' title='bbox 183 1221 250 1286; x_wconf 85' lang='lat' dir='ltr'>stris</span> <span class='ocrx_word' id='word_1_105' title='bbox 272 1217 379 1285; x_wconf 85' lang='lat' dir='ltr'>proelio</span> <span class='ocrx_word' id='word_1_106' title='bbox 401 1217 594 1281; x_wconf 83' lang='lat' dir='ltr'>contenderet3</span> <span class='ocrx_word' id='word_1_107' title='bbox 618 1219 641 1267; x_wconf 87' lang='lat' dir='ltr'>si</span> <span class='ocrx_word' id='word_1_108' title='bbox 654 1218 681 1268; x_wconf 92' lang='lat' dir='ltr'>id</span> <span class='ocrx_word' id='word_1_109' title='bbox 693 1219 869 1268; x_wconf 83' lang='lat' dir='ltr'>efficerenon</span> <span class='ocrx_word' id='word_1_110' title='bbox 886 1221 992 1283; x_wconf 84' lang='lat' dir='ltr'>posset,</span> <span class='ocrx_word' id='word_1_111' title='bbox 1066 1217 1067 1220; x_wconf 77' lang='grc'>’</span> 
     </span>
     <span class='ocr_line' id='line_1_16' title="bbox 185 1286 991 1355; baseline -0.004 -16"><span class='ocrx_word' id='word_1_112' title='bbox 185 1288 227 1350; x_wconf 84' lang='lat' dir='ltr'>ut,</span> <span class='ocrx_word' id='word_1_113' title='bbox 239 1288 390 1355; x_wconf 78' lang='lat' dir='ltr'>exploratis</span> <span class='ocrx_word' id='word_1_114' title='bbox 401 1288 555 1350; x_wconf 79' lang='lat' dir='ltr'>itineribus,</span> <span class='ocrx_word' id='word_1_115' title='bbox 567 1289 674 1338; x_wconf 88' lang='lat' dir='ltr'>minore</span> <span class='ocrx_word' id='word_1_116' title='bbox 683 1286 991 1353; x_wconf 85' lang='lat' dir='ltr'>cumpericulovallem</span> 
     </span>
     <span class='ocr_line' id='line_1_17' title="bbox 149 1353 992 1426; baseline -0.006 -17"><span class='ocrx_word' id='word_1_117' title='bbox 149 1359 154 1369; x_wconf 86' lang='grc'><em>“</em></span> <span class='ocrx_word' id='word_1_118' title='bbox 184 1353 331 1426; x_wconf 69' lang='lat' dir='ltr'>ritumque</span> <span class='ocrx_word' id='word_1_119' title='bbox 347 1359 486 1409; x_wconf 77' lang='lat' dir='ltr'>transiret.</span> <span class='ocrx_word' id='word_1_120' title='bbox 523 1357 615 1408; x_wconf 88' lang='lat' dir='ltr'>Prima</span> <span class='ocrx_word' id='word_1_121' title='bbox 631 1356 693 1408; x_wconf 87' lang='lat' dir='ltr'>luce</span> <span class='ocrx_word' id='word_1_122' title='bbox 712 1354 833 1406; x_wconf 85' lang='lat' dir='ltr'>hostium</span> <span class='ocrx_word' id='word_1_123' title='bbox 850 1356 992 1422; x_wconf 84' lang='lat' dir='ltr'>equitatus</span> 
     </span>
     <span class='ocr_line' id='line_1_18' title="bbox 186 1425 991 1494; baseline -0.006 -15"><span class='ocrx_word' id='word_1_124' title='bbox 186 1427 222 1480; x_wconf 79' lang='lat' dir='ltr'>ad</span> <span class='ocrx_word' id='word_1_125' title='bbox 235 1429 327 1479; x_wconf 79' lang='lat' dir='ltr'>castra</span> <span class='ocrx_word' id='word_1_126' title='bbox 338 1426 446 1479; x_wconf 86' lang='lat' dir='ltr'>accedit·</span> <span class='ocrx_word' id='word_1_127' title='bbox 455 1426 646 1494; x_wconf 79' lang='lat' dir='ltr'>proeliumque</span> <span class='ocrx_word' id='word_1_128' title='bbox 659 1441 720 1476; x_wconf 87' lang='lat' dir='ltr'>cum</span> <span class='ocrx_word' id='word_1_129' title='bbox 737 1427 839 1476; x_wconf 90' lang='lat' dir='ltr'>nostris</span> <span class='ocrx_word' id='word_1_130' title='bbox 851 1425 991 1492; x_wconf 89' lang='lat' dir='ltr'>equitibus</span> 
     </span>
     <span class='ocr_line' id='line_1_19' title="bbox 186 1494 992 1563; baseline -0.006 -15"><span class='ocrx_word' id='word_1_131' title='bbox 186 1499 344 1550; x_wconf 84' lang='lat' dir='ltr'>committit.</span> <span class='ocrx_word' id='word_1_132' title='bbox 382 1497 485 1548; x_wconf 85' lang='lat' dir='ltr'>Caesar</span> <span class='ocrx_word' id='word_1_133' title='bbox 498 1496 625 1548; x_wconf 88' lang='lat' dir='ltr'>consulto</span> <span class='ocrx_word' id='word_1_134' title='bbox 635 1497 743 1563; x_wconf 82' lang='lat' dir='ltr'>&#39;equites</span> <span class='ocrx_word' id='word_1_135' title='bbox 750 1496 854 1546; x_wconf 80' lang='lat' dir='ltr'>cedere</span> <span class='ocrx_word' id='word_1_136' title='bbox 866 1494 992 1560; x_wconf 81' lang='lat' dir='ltr'>sequela</span> 
     </span>
     <span class='ocr_line' id='line_1_20' title="bbox 186 1564 997 1637; baseline -0.005 -19"><span class='ocrx_word' id='word_1_137' title='bbox 186 1567 279 1618; x_wconf 78' lang='lat' dir='ltr'>castra</span> <span class='ocrx_word' id='word_1_138' title='bbox 290 1568 415 1637; x_wconf 82' lang='lat' dir='ltr'>recipere</span> <span class='ocrx_word' id='word_1_139' title='bbox 426 1566 517 1629; x_wconf 80' lang='lat' dir='ltr'>iubet3</span> <span class='ocrx_word' id='word_1_140' title='bbox 534 1567 616 1617; x_wconf 88' lang='lat' dir='ltr'>simul</span> <span class='ocrx_word' id='word_1_141' title='bbox 627 1581 662 1616; x_wconf 86' lang='lat' dir='ltr'>cx</span> <span class='ocrx_word' id='word_1_142' title='bbox 674 1566 800 1617; x_wconf 86' lang='lat' dir='ltr'>omnibus</span> <span class='ocrx_word' id='word_1_143' title='bbox 812 1564 936 1631; x_wconf 89' lang='lat' dir='ltr'>partibus</span> <span class='ocrx_word' id='word_1_144' title='bbox 947 1573 997 1614; x_wconf 74' lang='lat' dir='ltr'>cer-¹</span> 
     </span>
     <span class='ocr_line' id='line_1_21' title="bbox 146 1633 990 1702; baseline -0.005 -14"><span class='ocrx_word' id='word_1_145' title='bbox 146 1641 151 1646; x_wconf 78' lang='grc'>’“</span> <span class='ocrx_word' id='word_1_146' title='bbox 188 1644 248 1688; x_wconf 85' lang='lat' dir='ltr'>stra</span> <span class='ocrx_word' id='word_1_147' title='bbox 263 1637 365 1688; x_wconf 83' lang='lat' dir='ltr'>altiore</span> <span class='ocrx_word' id='word_1_148' title='bbox 382 1635 456 1685; x_wconf 79' lang='lat' dir='ltr'>uallo</span> <span class='ocrx_word' id='word_1_149' title='bbox 468 1637 571 1686; x_wconf 86' lang='lat' dir='ltr'>muniri</span> <span class='ocrx_word' id='word_1_150' title='bbox 587 1635 854 1702; x_wconf 79' lang='lat' dir='ltr'>portusque&#39;obstrui</span> <span class='ocrx_word' id='word_1_151' title='bbox 866 1645 947 1698; x_wconf 89' lang='lat' dir='ltr'>atque</span> <span class='ocrx_word' id='word_1_152' title='bbox 959 1633 990 1684; x_wconf 90' lang='lat' dir='ltr'>iu</span> 
     </span>
     <span class='ocr_line' id='line_1_22' title="bbox 186 1701 992 1774; baseline -0.005 -18"><span class='ocrx_word' id='word_1_153' title='bbox 186 1703 230 1756; x_wconf 88' lang='lat' dir='ltr'>his</span> <span class='ocrx_word' id='word_1_154' title='bbox 241 1705 464 1758; x_wconf 78' lang='lat' dir='ltr'>administrandis</span> <span class='ocrx_word' id='word_1_155' title='bbox 475 1705 558 1756; x_wconf 86' lang='lat' dir='ltr'>rebus</span> <span class='ocrx_word' id='word_1_156' title='bbox 570 1720 651 1774; x_wconf 88' lang='lat' dir='ltr'>quam</span> <span class='ocrx_word' id='word_1_157' title='bbox 662 1705 782 1756; x_wconf 84' lang='lat' dir='ltr'>maxime</span> <span class='ocrx_word' id='word_1_158' title='bbox 792 1701 950 1754; x_wconf 78' lang='lat' dir='ltr'>concursari</span> <span class='ocrx_word' id='word_1_159' title='bbox 961 1705 992 1752; x_wconf 84' lang='lat' dir='ltr'>et</span> 
     </span>
     <span class='ocr_line' id='line_1_23' title="bbox 187 1773 839 1842; baseline 0 -16"><span class='ocrx_word' id='word_1_160' title='bbox 187 1773 440 1827; x_wconf 73' lang='lat' dir='ltr'>eum&#39;simulatione</span> <span class='ocrx_word' id='word_1_161' title='bbox 451 1775 561 1826; x_wconf 83' lang='lat' dir='ltr'>tinmris</span> <span class='ocrx_word' id='word_1_162' title='bbox 573 1776 618 1842; x_wconf 86' lang='lat' dir='ltr'>agi</span> <span class='ocrx_word' id='word_1_163' title='bbox 628 1775 711 1830; x_wconf 79' lang='lat' dir='ltr'>iubet</span> <span class='ocrx_word' id='word_1_164' title='bbox 837 1807 839 1810; x_wconf 94' lang='lat'>-</span> 
     </span>
    </p>

    <p class='ocr_par' dir='ltr' id='par_1_7' title="bbox 134 1836 1024 2258">
     <span class='ocr_line' id='line_1_24' title="bbox 248 1836 990 1907; baseline -0.003 -13"><span class='ocrx_word' id='word_1_165' title='bbox 248 1844 296 1895; x_wconf 83' lang='lat' dir='ltr'>Ll.</span> <span class='ocrx_word' id='word_1_166' title='bbox 319 1843 423 1905; x_wconf 79' lang='lat' dir='ltr'>Quibus</span> <span class='ocrx_word' id='word_1_167' title='bbox 435 1845 561 1896; x_wconf 89' lang='lat' dir='ltr'>omnibus</span> <span class='ocrx_word' id='word_1_168' title='bbox 573 1845 654 1896; x_wconf 79' lang='lat' dir='ltr'>rebus</span> <span class='ocrx_word' id='word_1_169' title='bbox 663 1841 760 1894; x_wconf 74' lang='lat' dir='ltr'>hostes</span> <span class='ocrx_word' id='word_1_170' title='bbox 771 1836 884 1892; x_wconf 76' lang='lat' dir='ltr'>:inritati</span> <span class='ocrx_word' id='word_1_171' title='bbox 896 1840 990 1907; x_wconf 83' lang='lat' dir='ltr'>copias</span> 
     </span>
     <span class='ocr_line' id='line_1_25' title="bbox 186 1912 993 1981; baseline -0.007 -15"><span class='ocrx_word' id='word_1_172' title='bbox 186 1913 372 1968; x_wconf 85' lang='lat' dir='ltr'>transducunt</span> <span class='ocrx_word' id='word_1_173' title='bbox 389 1914 530 1981; x_wconf 82' lang='lat' dir='ltr'>aciemque</span> <span class='ocrx_word' id='word_1_174' title='bbox 546 1915 639 1981; x_wconf 92' lang='lat' dir='ltr'>iniquo</span> <span class='ocrx_word' id='word_1_175' title='bbox 656 1912 718 1964; x_wconf 89' lang='lat' dir='ltr'>luco</span> <span class='ocrx_word' id='word_1_176' title='bbox 736 1912 920 1973; x_wconf 84' lang='lat' dir='ltr'>constituunt3</span> <span class='ocrx_word' id='word_1_177' title='bbox 942 1924 993 1961; x_wconf 88' lang='lat' dir='ltr'>no·</span> 
     </span>
     <span class='ocr_line' id='line_1_26' title="bbox 187 1979 1024 2048; baseline -0.006 -13"><span class='ocrx_word' id='word_1_178' title='bbox 187 1985 254 2035; x_wconf 84' lang='lat' dir='ltr'>stris</span> <span class='ocrx_word' id='word_1_179' title='bbox 265 1997 331 2034; x_wconf 84' lang='lat' dir='ltr'>vero</span> <span class='ocrx_word' id='word_1_180' title='bbox 345 1983 428 2034; x_wconf 87' lang='lat' dir='ltr'>etiem</span> <span class='ocrx_word' id='word_1_181' title='bbox 440 1983 475 2034; x_wconf 89' lang='lat' dir='ltr'>de</span> <span class='ocrx_word' id='word_1_182' title='bbox 486 1983 558 2034; x_wconf 87' lang='lat' dir='ltr'>vello</span> <span class='ocrx_word' id='word_1_183' title='bbox 570 1981 706 2044; x_wconf 72' lang='lat' dir='ltr'>deductis,</span> <span class='ocrx_word' id='word_1_184' title='bbox 728 1982 842 2048; x_wconf 88' lang='lat' dir='ltr'>propius</span> <span class='ocrx_word' id='word_1_185' title='bbox 854 1979 991 2031; x_wconf 87' lang='lat' dir='ltr'>accedunt</span> <span class='ocrx_word' id='word_1_186' title='bbox 1022 1997 1024 2002; x_wconf 87' lang='lat'><em>·</em></span> 
     </span>
     <span class='ocr_line' id='line_1_27' title="bbox 188 2050 991 2118; baseline -0.007 -12"><span class='ocrx_word' id='word_1_187' title='bbox 188 2058 218 2106; x_wconf 88' lang='lat' dir='ltr'>et</span> <span class='ocrx_word' id='word_1_188' title='bbox 229 2052 287 2104; x_wconf 92' lang='lat' dir='ltr'>tela</span> <span class='ocrx_word' id='word_1_189' title='bbox 297 2053 372 2103; x_wconf 90' lang='lat' dir='ltr'>intra</span> <span class='ocrx_word' id='word_1_190' title='bbox 383 2054 570 2104; x_wconf 87' lang='lat' dir='ltr'>munitionem.</span> <span class='ocrx_word' id='word_1_191' title='bbox 577 2066 611 2105; x_wconf 83' lang='lat' dir='ltr'>ex</span> <span class='ocrx_word' id='word_1_192' title='bbox 627 2050 895 2118; x_wconf 85' lang='lat' dir='ltr'>omnibus-partibus</span> <span class='ocrx_word' id='word_1_193' title='bbox 904 2051 991 2101; x_wconf 89' lang='lat' dir='ltr'>cunii-</span> 
     </span>
     <span class='ocr_line' id='line_1_28' title="bbox 134 2120 991 2190; baseline -0.007 -15"><span class='ocrx_word' id='word_1_194' title='bbox 134 2133 136 2140; x_wconf 60' lang='lat'>*</span> <span class='ocrx_word' id='word_1_195' title='bbox 178 2123 279 2188; x_wconf 62' lang='lat' dir='ltr'>&#39;murm</span> <span class='ocrx_word' id='word_1_196' title='bbox 301 2123 538 2190; x_wconf 78' lang='lat' dir='ltr'>praeconibusque</span> <span class='ocrx_word' id='word_1_197' title='bbox 554 2121 748 2184; x_wconf 86' lang='lat' dir='ltr'>circummissis</span> <span class='ocrx_word' id='word_1_198' title='bbox 762 2120 940 2188; x_wconf 82' lang='lat' dir='ltr'>pronunciari</span> <span class='ocrx_word' id='word_1_199' title='bbox 951 2123 991 2169; x_wconf 89' lang='lat' dir='ltr'>iu·</span> 
     </span>
     <span class='ocr_line' id='line_1_29' title="bbox 161 2188 990 2258; baseline -0.006 -13"><span class='ocrx_word' id='word_1_200' title='bbox 161 2194 165 2208; x_wconf 72' lang='lat'>‘&#39;</span> <span class='ocrx_word' id='word_1_201' title='bbox 188 2195 264 2254; x_wconf 83' lang='lat' dir='ltr'>beat,</span> <span class='ocrx_word' id='word_1_202' title='bbox 285 2193 331 2243; x_wconf 76' lang='lat' dir='ltr'>seu</span> <span class='ocrx_word' id='word_1_203' title='bbox 342 2190 401 2258; x_wconf 78' lang='lat' dir='ltr'>qais</span> <span class='ocrx_word' id='word_1_204' title='bbox 416 2193 524 2253; x_wconf 77' lang='lat' dir='ltr'>Gallus,</span> <span class='ocrx_word' id='word_1_205' title='bbox 543 2206 589 2242; x_wconf 79' lang='lat' dir='ltr'>rea</span> <span class='ocrx_word' id='word_1_206' title='bbox 599 2189 737 2243; x_wconf 77' lang='lat' dir='ltr'>Romanus</span> <span class='ocrx_word' id='word_1_207' title='bbox 747 2188 812 2242; x_wconf 80' lang='lat' dir='ltr'>velit</span> <span class='ocrx_word' id='word_1_208' title='bbox 822 2197 885 2242; x_wconf 81' lang='lat' dir='ltr'>uate</span> <span class='ocrx_word' id='word_1_209' title='bbox 896 2189 990 2240; x_wconf 80' lang='lat' dir='ltr'>doram</span> 
     </span>
    </p>

    <p class='ocr_par' dir='ltr' id='par_1_8' title="bbox 153 2256 992 2816">
     <span class='ocr_line' id='line_1_30' title="bbox 186 2256 992 2328; baseline -0.005 -14"><span class='ocrx_word' id='word_1_210' title='bbox 186 2263 297 2314; x_wconf 81' lang='lat' dir='ltr'>tertiam</span> <span class='ocrx_word' id='word_1_211' title='bbox 312 2260 349 2312; x_wconf 82' lang='lat' dir='ltr'>ad</span> <span class='ocrx_word' id='word_1_212' title='bbox 357 2277 385 2311; x_wconf 79' lang='lat' dir='ltr'>ee</span> <span class='ocrx_word' id='word_1_213' title='bbox 397 2260 529 2324; x_wconf 79' lang='lat' dir='ltr'>transire,</span> <span class='ocrx_word' id='word_1_214' title='bbox 551 2258 608 2313; x_wconf 75' lang='lat' dir='ltr'>tine</span> <span class='ocrx_word' id='word_1_215' title='bbox 626 2259 749 2328; x_wconf 76' lang='lat' dir='ltr'>periculo</span> <span class='ocrx_word' id='word_1_216' title='bbox 765 2258 865 2320; x_wconf 84' lang='lat' dir='ltr'>licere‚·</span> <span class='ocrx_word' id='word_1_217' title='bbox 882 2269 947 2326; x_wconf 85' lang='lat' dir='ltr'>past</span> <span class='ocrx_word' id='word_1_218' title='bbox 960 2256 992 2309; x_wconf 77' lang='lat' dir='ltr'>t&#39;d</span> 
     </span>
     <span class='ocr_line' id='line_1_31' title="bbox 153 2329 990 2402; baseline -0.007 -18"><span class='ocrx_word' id='word_1_219' title='bbox 153 2339 155 2346; x_wconf 83' lang='grc'><strong>“</strong></span> <span class='ocrx_word' id='word_1_220' title='bbox 181 2329 435 2402; x_wconf 55' lang='grc' dir='ltr'>ἰριιῳωπῳέγονε</span> <span class='ocrx_word' id='word_1_221' title='bbox 447 2335 630 2398; x_wconf 75' lang='lat' dir='ltr'>patestatem:-</span> <span class='ocrx_word' id='word_1_222' title='bbox 643 2344 676 2382; x_wconf 84' lang='lat' dir='ltr'>ae</span> <span class='ocrx_word' id='word_1_223' title='bbox 686 2331 727 2380; x_wconf 82' lang='lat' dir='ltr'>sic</span> <span class='ocrx_word' id='word_1_224' title='bbox 738 2334 850 2380; x_wconf 86' lang='lat' dir='ltr'>nostros</span> <span class='ocrx_word' id='word_1_225' title='bbox 866 2335 990 2382; x_wconf 86' lang='lat' dir='ltr'>contem·</span> 
     </span>
     <span class='ocr_line' id='line_1_32' title="bbox 185 2397 990 2466; baseline -0.005 -14"><span class='ocrx_word' id='word_1_226' title='bbox 185 2407 291 2464; x_wconf 82' lang='lat' dir='ltr'>serunt,</span> <span class='ocrx_word' id='word_1_227' title='bbox 302 2406 342 2462; x_wconf 82' lang='lat' dir='ltr'>ut,</span> <span class='ocrx_word' id='word_1_228' title='bbox 356 2403 507 2452; x_wconf 85' lang='lat' dir='ltr'>obstructis</span> <span class='ocrx_word' id='word_1_229' title='bbox 518 2403 547 2451; x_wconf 93' lang='lat' dir='ltr'>in</span> <span class='ocrx_word' id='word_1_230' title='bbox 558 2401 677 2466; x_wconf 86' lang='lat' dir='ltr'>speciem</span> <span class='ocrx_word' id='word_1_231' title='bbox 688 2401 776 2466; x_wconf 89' lang='lat' dir='ltr'>portis</span> <span class='ocrx_word' id='word_1_232' title='bbox 788 2399 904 2466; x_wconf 85' lang='lat' dir='ltr'>singulis</span> <span class='ocrx_word' id='word_1_233' title='bbox 916 2397 990 2449; x_wconf 91' lang='lat' dir='ltr'>ordi·</span> 
     </span>
     <span class='ocr_line' id='line_1_33' title="bbox 186 2469 988 2538; baseline -0.006 -16"><span class='ocrx_word' id='word_1_234' title='bbox 186 2472 265 2522; x_wconf 89' lang='lat' dir='ltr'>nibus</span> <span class='ocrx_word' id='word_1_235' title='bbox 277 2471 423 2537; x_wconf 89' lang='lat' dir='ltr'>cespitum,</span> <span class='ocrx_word' id='word_1_236' title='bbox 445 2470 520 2538; x_wconf 91' lang='lat' dir='ltr'>quod</span> <span class='ocrx_word' id='word_1_237' title='bbox 531 2485 565 2522; x_wconf 87' lang='lat' dir='ltr'>ea</span> <span class='ocrx_word' id='word_1_238' title='bbox 576 2485 632 2521; x_wconf 89' lang='lat' dir='ltr'>non</span> <span class='ocrx_word' id='word_1_239' title='bbox 643 2483 723 2537; x_wconf 86' lang='lat' dir='ltr'>posse</span> <span class='ocrx_word' id='word_1_240' title='bbox 735 2471 939 2534; x_wconf 88' lang='lat' dir='ltr'>introrumpere</span> <span class='ocrx_word' id='word_1_241' title='bbox 950 2469 988 2517; x_wconf 87' lang='lat' dir='ltr'>ri·</span> 
     </span>
     <span class='ocr_line' id='line_1_34' title="bbox 185 2537 987 2602; baseline -0.004 -12"><span class='ocrx_word' id='word_1_242' title='bbox 185 2539 330 2599; x_wconf 75' lang='lat' dir='ltr'>elebantur,</span> <span class='ocrx_word' id='word_1_243' title='bbox 343 2539 388 2589; x_wconf 88' lang='lat' dir='ltr'>alii</span> <span class='ocrx_word' id='word_1_244' title='bbox 399 2539 503 2592; x_wconf 84' lang='lat' dir='ltr'>vallum</span> <span class='ocrx_word' id='word_1_245' title='bbox 515 2555 598 2592; x_wconf 84' lang='lat' dir='ltr'>manu</span> <span class='ocrx_word' id='word_1_246' title='bbox 609 2539 744 2602; x_wconf 86' lang='lat' dir='ltr'>scindere,</span> <span class='ocrx_word' id='word_1_247' title='bbox 755 2539 802 2589; x_wconf 83' lang='lat' dir='ltr'>alii</span> <span class='ocrx_word' id='word_1_248' title='bbox 816 2537 905 2590; x_wconf 78' lang='lat' dir='ltr'>fossas</span> <span class='ocrx_word' id='word_1_249' title='bbox 915 2551 987 2588; x_wconf 88' lang='lat' dir='ltr'>com·</span> 
     </span>
     <span class='ocr_line' id='line_1_35' title="bbox 185 2608 985 2675; baseline -0.003 -17"><span class='ocrx_word' id='word_1_250' title='bbox 185 2608 263 2675; x_wconf 87' lang='lat' dir='ltr'>plere</span> <span class='ocrx_word' id='word_1_251' title='bbox 274 2609 437 2674; x_wconf 89' lang='lat' dir='ltr'>inciperent.</span> <span class='ocrx_word' id='word_1_252' title='bbox 474 2610 545 2660; x_wconf 83' lang='lat' dir='ltr'>Tum</span> <span class='ocrx_word' id='word_1_253' title='bbox 556 2612 671 2671; x_wconf 83' lang='lat' dir='ltr'>Caesar,</span> <span class='ocrx_word' id='word_1_254' title='bbox 687 2609 813 2660; x_wconf 88' lang='lat' dir='ltr'>omnibus</span> <span class='ocrx_word' id='word_1_255' title='bbox 825 2609 912 2673; x_wconf 85' lang='lat' dir='ltr'>portis</span> <span class='ocrx_word' id='word_1_256' title='bbox 923 2621 985 2656; x_wconf 88' lang='lat' dir='ltr'>cru·</span> 
     </span>
     <span class='ocr_line' id='line_1_36' title="bbox 185 2671 988 2745; baseline -0.002 -17"><span class='ocrx_word' id='word_1_257' title='bbox 185 2678 280 2744; x_wconf 86' lang='lat' dir='ltr'>ptiune</span> <span class='ocrx_word' id='word_1_258' title='bbox 292 2677 367 2727; x_wconf 86' lang='lat' dir='ltr'>lacta</span> <span class='ocrx_word' id='word_1_259' title='bbox 377 2677 559 2745; x_wconf 87' lang='lat' dir='ltr'>equitatuque</span> <span class='ocrx_word' id='word_1_260' title='bbox 569 2679 679 2742; x_wconf 87' lang='lat' dir='ltr'>emisso,</span> <span class='ocrx_word' id='word_1_261' title='bbox 691 2679 822 2730; x_wconf 87' lang='lat' dir='ltr'>celeriter</span> <span class='ocrx_word' id='word_1_262' title='bbox 832 2675 927 2727; x_wconf 86' lang='lat' dir='ltr'>hostes</span> <span class='ocrx_word' id='word_1_263' title='bbox 937 2671 988 2726; x_wconf 84' lang='lat' dir='ltr'>dat</span> 
     </span>
     <span class='ocr_line' id='line_1_37' title="bbox 185 2743 987 2816; baseline 0.002 -19"><span class='ocrx_word' id='word_1_264' title='bbox 185 2745 213 2797; x_wconf 86' lang='lat' dir='ltr'>iu</span> <span class='ocrx_word' id='word_1_265' title='bbox 225 2743 336 2812; x_wconf 79' lang='lat' dir='ltr'>fugam,</span> <span class='ocrx_word' id='word_1_266' title='bbox 353 2744 408 2810; x_wconf 85' lang='lat' dir='ltr'>sie,</span> <span class='ocrx_word' id='word_1_267' title='bbox 429 2746 473 2798; x_wconf 89' lang='lat' dir='ltr'>uti</span> <span class='ocrx_word' id='word_1_268' title='bbox 485 2747 598 2800; x_wconf 87' lang='lat' dir='ltr'>omnino</span> <span class='ocrx_word' id='word_1_269' title='bbox 614 2746 756 2816; x_wconf 84' lang='lat' dir='ltr'>pugnandi</span> <span class='ocrx_word' id='word_1_270' title='bbox 766 2759 862 2799; x_wconf 82' lang='lat' dir='ltr'>caussa</span> <span class='ocrx_word' id='word_1_271' title='bbox 872 2745 987 2799; x_wconf 77' lang='lat' dir='ltr'>resiste·</span> 
     </span>
    </p>
   </div>
   <div class='ocr_carea' id='block_1_5' title="bbox 0 0 1082 3132">
    <p class='ocr_par' dir='ltr' id='par_1_9' title="bbox 0 0 1082 3132">
     <span class='ocr_line' id='line_1_38' title="bbox 0 0 1082 3132; baseline 0 0"><span class='ocrx_word' id='word_1_272' title='bbox 0 0 1082 3132; x_wconf 95' lang='lat' dir='ltr'> </span> 
     </span>
    </p>
   </div>
  </div>
 </body>
</html>
