2152 3144
159 191 234 274 *³42
388 191 444 248 llll
469 191 612 246 BELLO
634 189 771 246 civim

127 355 130 359 ,
174 295 325 366 perfugus,
344 308 531 364 magnumque
542 295 647 349 nostrin
657 295 975 352 adtulit'iocomrnoclum
1062 294 1065 303 ’

177 371 264 429 Nam,
295 373 326 418 ut
341 365 376 418 od
392 380 468 418 mure
483 371 596 418 nostrae
611 364 741 420 cohortos
756 382 847 420 nonne
862 368 985 438 legionis

177 439 397 499 extabuerant,
432 451 573 488 accessere
598 438 691 488 subito
710 437 800 506 primu
820 438 882 490 luco
903 439 985 490 l'om·

123 547 125 552 .
177 509 269 577 peisni
281 506 434 568 exercitus,
453 519 594 575 novusque
605 521 702 559 eorum
713 506 849 559 nutemus
861 510 985 572 exstitit3

177 577 262 630 simul
284 591 320 629 ex
334 577 449 627 neribus
464 575 640 628 circumvecti
656 577 758 628 milites
773 577 803 628 in
813 577 983 629 exteriorem

177 647 282 699 uallum
304 647 362 699 telo
383 645 535 707 iaciebant,
570 644 715 715 fossaeque
735 660 842 714 aggere
862 646 987 715 comple·

177 719 293 770 bantur:
324 722 353 768 ct
365 716 511 784 legionarii
522 716 663 768 interioris
679 717 842 768 munitionis
856 714 984 768 defenso·

179 795 239 850 res,
262 785 344 837 scalis
355 785 488 847 admotis,
509 787 657 838 tormentis
673 786 806 854 cuiusque
821 786 931 854 generis
943 791 985 838 te·

178 859 268 924 lisque
289 855 446 917 terrebunt3
479 868 633 924 magnaque
655 854 805 907 multitudo
825 857 985 924 sagittario·

180 941 241 978 rum
263 926 297 977 ab
314 932 431 992 utreque
447 930 525 992 purte
540 924 824 978 circumfundebatur.
860 925 983 977 Multum

179 1002 273 1049 eutem
285 995 319 1046 eb
330 995 389 1046 ictu
400 993 538 1060 lapidum,
568 994 643 1060 quod
657 1009 741 1046 unum
758 996 862 1047 nostris
875 1000 935 1047 erct
944 1001 987 1048 te·

180 1065 248 1128 lum,
257 1064 378 1116 viminea
388 1065 541 1132 tegimenta
549 1062 984 1131 galeisimpositudeicntlcbnnt.

178 1137 293 1203 ltaque,
312 1149 395 1202 quum
408 1133 535 1185 omnibus
545 1134 627 1185 rebus
639 1135 727 1186 nostri
739 1139 934 1202 premerentur
942 1141 983 1186 ot·

180 1220 234 1274 que
245 1219 330 1272 aegre
341 1204 519 1266 resistereot3
531 1202 753 1256 animadversum
765 1209 809 1256 est
818 1205 917 1260 vitium
924 1217 983 1256 mu·

179 1277 308 1337 nitionis,
329 1273 403 1343 quod
413 1287 497 1340 supro
506 1272 728 1327 demonstratum
740 1278 791 1336 est,
812 1277 898 1342 etque
909 1275 984 1326 inter

179 1347 251 1400 duos
262 1343 360 1406 vallos,
375 1359 430 1412 qua
440 1341 594 1411 perfectum
607 1358 677 1412 opus
689 1359 744 1396 noo
756 1348 828 1407 erat,
843 1357 895 1409 per
905 1357 984 1406 mpro

178 1417 295 1481 nauibus
312 1414 432 1482 expositi
445 1416 474 1464 in
491 1411 623 1466 adversos
639 1419 749 1466 nostros
765 1413 898 1480 impetum
909 1411 982 1466 lece·

122 1487 123 1494 ’
178 1488 245 1558 runt
256 1491 338 1553 atquc
350 1499 385 1538 ex
397 1488 514 1552 utraque
525 1484 681 1537 munitione
696 1483 819 1538 deiectos
834 1487 915 1553 tergo
923 1497 984 1536 rer·

177 1562 239 1610 tere
250 1560 410 1621 coegerunt.

205 1675 207 1681 ,
231 1624 330 1677 Lxlv.
352 1625 415 1676 lloc
429 1623 551 1675 tumultu
566 1623 713 1687 nunciato,
742 1622 922 1676 Marcellinus
936 1637 982 1676 co.

178 1693 276 1746 hostes
286 1693 410 1745 subsidio
422 1694 526 1744 nostris
537 1693 730 1746 laborantibus
740 1693 892 1745 submittit:
907 1707 983 1760 quae

177 1773 214 1814 ex
224 1763 325 1812 castris
336 1759 477 1827 fugientes
488 1764 678 1829 conspicatae,
696 1776 788 1830 neque
798 1761 861 1813 illos
870 1777 923 1812 suo
934 1763 984 1814 ed·

176 1836 264 1889 centu
281 1828 630 1897 confirmarepotuerunt,
661 1845 752 1899 noque
768 1831 845 1898 ipsse
857 1828 983 1884 bostium

175 1900 311 1966 impetum
323 1897 457 1950 tulerunt.
493 1897 600 1966 ltaque,
621 1897 813 1967 quodcumque
823 1899 984 1954 addebatur

175 1966 316 2031 subsidio,
342 1967 378 2030 id,
398 1974 559 2038 corruptum
569 1971 672 2020 timore
683 1966 864 2036 frumentium,
888 1973 983 2022 terro-

110 2043 112 2060 *
176 2053 237 2090 rem
249 2043 278 2093 et
290 2037 441 2104 periculum
453 2039 588 2106 augebat:
615 2035 758 2090 hominurn
768 2039 842 2090 eninr
854 2039 983 2091 multitu·

66 2119 75 2134 ·
125 2113 127 2118 ’
174 2108 243 2177 ‘clinno
257 2112 387 2174 receptus
402 2107 616 2175 impediebatur.
650 2108 683 2159 ln
699 2122 733 2159 eo
749 2108 873 2174 proelio,
895 2123 982 2176 quum

177 2179 257 2248 gravi
267 2177 382 2230 vulnere
399 2182 475 2230 esset
490 2177 617 2230 adiectus
628 2175 773 2246 aquilifer,
805 2183 834 2230 et
845 2194 863 2230 u
873 2178 982 2230 viribus

177 2247 361 2312 deficeretur,
384 2246 558 2316 conspicatus
570 2246 680 2316 equites
691 2252 818 2311 nostros,
840 2246 983 2317 basrege,
1066 2265 1073 2288 ⁴

123 2317 125 2322 ’
140 2325 142 2328 ’
177 2319 283 2386 inquit,
314 2310 344 2370 'et
356 2316 432 2371 niem
445 2319 543 2370 multos
555 2333 607 2385 per
622 2332 705 2370 onnon
720 2332 821 2386 nmgna
836 2316 982 2386 diligentia

177 2387 298 2462 defendi,
320 2395 348 2440 et
358 2404 429 2442 nunc
439 2387 552 2440 moriem
563 2387 654 2439 endem
664 2384 716 2449 tide
731 2383 844 2438 Caesari
854 2385 981 2440 restituo.

178 2453 280 2521 notite,
296 2454 659 2538 obsecro.cormnittere‚puod
667 2463 732 2508 ante
741 2454 771 2507 n'n
781 2457 902 2509 exercitu
914 2453 983 2508 Cos·

176 2526 248 2577 saris
259 2543 312 2580 non
322 2527 431 2590 occidit,
446 2537 478 2578 ot
488 2525 529 2578 rei
537 2524 665 2578 rnilstarin
676 2523 786 2578 muscos
796 2524 982 2589 admittotnrf

176 2593 384 2662 incolumemque
398 2597 436 2648 od
444 2612 503 2648 suns
513 2596 626 2667 referte.
662 2593 724 2646 Hoc
734 2610 800 2646 casu
811 2595 905 2665 equile
914 2610 983 2648 con·

175 2671 313 2724 servatur,
329 2667 456 2717 onmibus
468 2667 574 2731 primus
583 2663 706 2717 cohortis
718 2665 927 2720 centurionibus
936 2665 969 2719 in
1022 2661 1027 2668 '

176 2731 314 2794 tes-tectis,
334 2739 446 2801 praeter
457 2733 607 2802 principem
619 2734 751 2802 priorem.
