2152 3132
395 144 547 202 nisan
579 145 630 202 Vl.
864 145 913 202 ltt

106 261 190 304 extra
202 249 386 305 munitionem
401 253 497 322 egredi
516 265 614 320 passm
630 256 718 317 esset,
738 253 858 321 septimo
869 252 915 306 die

105 321 250 387 diffidens,
270 321 305 375 de
317 337 433 374 numero
446 323 554 375 dierum
566 323 713 375 Gaesarem
728 322 812 375 iidem
824 339 915 375 serra

106 396 216 454 mrunr,
235 392 310 460 quod
321 393 434 461 longius
445 407 507 444 eum
518 409 697 461 progressum
708 393 849 456 audiebat,
868 403 915 445 ne·

106 477 160 530 que
174 461 234 512 ulla
248 462 282 514 de
293 462 384 514 reditu
400 464 460 514 eius
475 463 549 514 fama
563 463 756 526 adserebatur,
776 462 859 514 simul
869 477 915 515 eo·

105 545 170 584 rum
190 538 332 597 permotus
345 534 469 596 vocibus,
489 535 536 601 qui
556 534 632 584 illins
646 534 809 600 patientiam
824 546 915 601 paene

106 602 297 654 obsessionem
306 602 497 670 adpellabant,
508 605 532 652 si
544 602 655 671 quidem
663 619 699 654 ex
710 603 808 654 eastris
820 603 915 672 egredi

106 686 164 722 non
175 671 288 735 lieeret3
298 673 405 723 nullum
417 673 551 724 eiusmodi
562 689 654 724 casum
666 679 839 740 exspectans,
851 689 916 742 quo,

106 755 206 794 norem
218 744 353 808 oppositis
364 742 524 810 legionibus
532 745 705 810 maximoque
715 745 850 810 equitatu,
860 743 917 794 dis·

107 814 197 878 persis
208 825 241 862 ae
250 826 339 878 paene
350 811 450 863 deletis
460 811 601 875 hostibus,
621 816 648 863 in
665 813 776 864 milibus
786 827 917 879 passuum

107 881 149 932 lll
158 879 260 932 offendi
276 888 384 948 posset3
403 884 525 950 quinque
536 881 666 934 cohortes
677 881 878 934 frumentatum
888 883 917 932 in

108 952 249 1016 proximas
260 957 368 1018 segetes
378 955 462 1016 misit,
473 967 542 1020 quas
553 955 628 1004 inter
638 959 667 1004 et
677 956 769 1004 eastra
779 967 850 1002 unus
862 966 919 1002 om·

107 1022 177 1071 uino
188 1021 268 1071 collis
283 1023 427 1073 intererat.
463 1021 627 1088 Complures
641 1030 722 1074 erant
733 1023 760 1072 in
772 1023 871 1072 eastris
882 1035 918 1073 ex

108 1089 264 1156 legionibus
276 1093 352 1159 aegri
364 1093 467 1154 relicti;
485 1108 519 1144 ex
529 1093 628 1159 quibus
638 1095 686 1160 qui
697 1091 749 1143 lroe
760 1094 850 1159 spatio
860 1091 917 1143 die·

108 1175 170 1210 rum
182 1161 395 1224 convaluerant,
415 1164 528 1214 circiter
539 1163 604 1213 000
615 1163 666 1214 sub
676 1161 780 1214 vexillo
791 1177 848 1212 una
857 1164 918 1212 mit·

108 1234 219 1280 tuntur:
233 1245 334 1298 niagno
344 1238 491 1298 praeterea
502 1231 654 1283 multitudo
666 1232 805 1293 calonum,
815 1241 918 1298 magna

108 1299 151 1350 ris
162 1300 357 1364 iumentorum,
370 1304 479 1369 quaein
490 1303 588 1353 eastris
598 1302 770 1364 subsederat,
783 1301 859 1352 laeta
869 1315 919 1366 po·

108 1374 221 1430 testate,
231 1372 366 1438 sequitur.
543 1404 547 1411 -

170 1439 308 1493 XXXVll.
337 1441 400 1493 Hoc
421 1444 482 1509 ipso
501 1443 629 1507 tempore
649 1446 677 1490 et
696 1455 761 1491 essu
782 1438 917 1491 Germani

110 1509 218 1577 equites
229 1511 425 1574 interveniunt,
437 1514 618 1579 protinusque
630 1509 727 1560 eodem
739 1509 797 1572 illo,
807 1523 862 1576 quo
872 1524 918 1560 re·

109 1583 218 1639 nerant,
229 1595 311 1630 eursu
323 1581 357 1632 ab
366 1581 521 1632 decumana
532 1586 613 1646 porta
621 1581 648 1629 in
660 1585 751 1630 eastra
761 1580 917 1645 irrumpere

110 1657 260 1699 conantur:
280 1665 331 1700 nee
351 1654 430 1718 prius
445 1658 511 1702 sunt
530 1651 590 1713 visi,
610 1649 725 1701 obiectis
738 1649 774 1700 ab
791 1663 824 1700 ea
838 1654 917 1715 parte

110 1717 197 1780 silvis,
217 1721 298 1786 quarn
310 1723 408 1771 eastris
424 1721 689 1788 adpropinquarent,
708 1734 795 1788 usque
811 1733 855 1782 eo,
874 1726 917 1778 ut,

111 1789 157 1855 qui
168 1789 217 1840 sub
227 1789 302 1850 vallo
312 1790 461 1842 tenderent
470 1798 650 1852 mercatores,
662 1789 812 1857 reeipiendi
822 1790 865 1841 soi
877 1789 917 1840 fa·

109 1857 313 1914 cultatemnon
327 1857 472 1912 haberent.
508 1862 690 1926 lnopinantes
702 1861 790 1912 nostri
802 1875 833 1911 re
842 1869 915 1910 nora

110 1928 318 1994 perturbantur,
339 1945 372 1982 ac
382 1931 427 1982 vir
436 1932 555 1997 primurn
566 1933 699 1998 impetum
711 1928 811 1981 enlrors
820 1931 848 1980 in
859 1935 917 1980 sta-

109 1999 326 2064 tionesustinet.
363 2000 631 2052 Circumfunduntur
643 2015 678 2053 ex
693 2001 808 2068 reliquls
820 1998 916 2051 hostes

109 2067 241 2134 partibus,
261 2069 284 2117 si
301 2084 382 2136 quem
398 2069 503 2120 aditum
524 2072 648 2136 reperire
669 2075 790 2136 possent.
826 2071 916 2136 Aegre

110 2141 206 2202 portas
217 2139 306 2188 nostri
316 2143 445 2200 tuentur,
465 2141 587 2207 reliquos
601 2141 695 2192 aditus
706 2139 784 2190 loeus
795 2140 853 2204 ipse
866 2151 916 2204 per

109 2221 140 2257 se
160 2208 334 2274 munitioque
353 2208 487 2272 defendit.
527 2211 608 2261 'l'otis
628 2208 786 2276 trepidatur
807 2207 915 2270 castris,

108 2284 192 2342 atque
202 2276 274 2326 alius
285 2292 319 2329 ex
330 2278 384 2331 alio
395 2293 520 2331 caussam
530 2279 670 2330 tumultus
682 2279 806 2346 quaerit;
826 2291 916 2343 neque

108 2359 164 2412 qun
178 2346 260 2412 signa
275 2344 414 2412 ferantur,
436 2363 525 2418 neque
542 2363 624 2416 quam
639 2350 668 2398 in
679 2353 786 2414 partem
797 2347 916 2414 quisque

108 2418 266 2479 corrrnniat,
286 2418 441 2483 provident.
476 2419 553 2471 Alius
572 2425 653 2484 capta
672 2418 727 2468 iam
742 2419 834 2467 eastra
852 2429 917 2482 pro·

109 2485 236 2547 nunciam
255 2485 336 2548 alius,
351 2487 444 2539 deleto
456 2491 581 2539 exercitu
592 2493 675 2556 atque
686 2487 863 2551 imperatore,
876 2486 917 2536 vi·

108 2564 203 2606 etores
223 2555 359 2606 barbaros
381 2557 487 2608 venisse
509 2556 809 2624 contenditzplerique
829 2568 916 2606 noros

109 2622 163 2678 sibi
174 2638 208 2676 ex
223 2623 285 2676 loen
300 2625 451 2692 religiones
465 2625 589 2692 lingunt,
609 2625 762 2692 Cottaeque
773 2631 802 2677 et
811 2625 917 2678 Titurii

108 2692 314 2760 calamitatem,
333 2697 420 2765 quiin
430 2695 529 2750 eodem
539 2695 692 2753 occiderint
700 2694 829 2762 castello,
848 2698 916 2750 ants
