2152 3144
315 187 684 266 unumunurn-no.
849 189 930 268 ⁴⁰⁵5·

104 293 184 346 sium.
219 291 399 353 Quoruncio
420 289 519 350 dolore
537 294 627 358 magis
647 298 798 358 pennotus,
819 309 901 362 quam
924 349 927 358 Ι
1005 331 1009 338 .

104 361 198 413 animo
208 357 396 428 perturbatus,
410 357 501 411 reiicit
510 375 540 411 se
550 361 680 412 celeriter
691 365 720 412 ot
729 362 764 412 all
776 362 900 413 cassium
925 369 927 374 “

91 455 93 466 ι
103 431 247 486 visendum
258 429 453 496 proficiscitur.
489 429 528 480 lle
539 429 660 496 cognita,
671 427 815 494 tricesima
826 432 901 498 legio
924 425 928 440 ”

105 503 186 570 signu
197 499 353 551 Cordubam
363 498 449 552 infert
459 495 494 549 a'd
510 499 642 549 auxilium
661 498 806 551 ferendum
816 502 900 566 impe-

104 571 194 644 ratori
208 567 363 626 suorlacit
377 565 430 618 lnoc
443 566 517 618 idem
532 567 665 619 vicesima
680 569 780 634 primo:
808 570 901 622 subse·
924 567 927 572 ’

104 642 201 706 quitur
211 643 259 688 tras
269 636 386 704 quinta
411 635 579 698 Quumduae
591 636 714 702 legiones
724 637 849 706 reliquae
860 653 901 690 es·
923 637 926 644 '

104 713 168 760 sent
185 709 213 756 in
231 705 345 768 castris3
364 705 514 758 secundani
529 707 620 766 veriti,
639 707 743 757 nesoli
763 708 901 774 relinque·
924 702 930 712 ”

104 783 204 828 rentur
213 779 297 842 atque
308 789 344 825 ex
354 789 397 836 eo,
412 775 653 842 quidsensissent,
666 775 847 840 iudicaretur,
859 793 901 828 se·
924 768 929 780 ’

105 849 161 899 cuti
172 857 239 896 sunt
249 845 352 896 t'actum
363 845 550 910 superiorum:
562 846 713 910 permansit
723 847 751 895 in
763 849 902 911 sententia

105 914 179 983 legio
186 913 345 975 uernacula,
355 928 407 965 nec
416 913 473 965 ullo
484 915 584 964 timore
595 913 631 967 de
640 914 901 980 gradudeiectoest.
924 916 927 924 “

157 981 216 1036 LV.
234 984 344 1035 Cassius
355 997 415 1045 cos,
435 984 481 1051 qui
493 983 626 1034 nominati
638 991 718 1035 erant
727 986 829 1048 conscii
841 999 902 1037 cue·

103 1053 160 1116 slis,
170 1053 248 1104 iubet
258 1049 466 1118 comprehendi:
486 1052 622 1118 legionem
634 1055 757 1120 quintam
769 1057 796 1106 in
808 1061 902 1105 castra

103 1123 234 1186 remittit,
252 1121 412 1172 cohortibus
431 1122 549 1188 triginta
568 1123 696 1172 retentis.
730 1123 837 1175 Indicio
847 1124 900 1174 Mi·
924 1181 927 1190 ,

104 1192 180 1243 nucii
201 1192 353 1260 cognoscit,
373 1191 406 1241 la.
427 1191 561 1241 Racilium
583 1197 612 1242 et
630 1191 664 1241 L.
675 1191 853 1242 Laterensem
874 1199 902 1244 et

104 1261 223 1314 Annium
244 1261 398 1326 Scapulam,
418 1258 554 1310 maximoe
577 1258 723 1326 dignitatis
744 1267 772 1312 et
793 1262 901 1328 gratiae

103 1331 301 1400 provincialem
321 1328 475 1390 hominem,
520 1329 626 1396 sibique
646 1333 704 1378 tam
724 1328 902 1398 ¹familiarem„

105 1399 379 1468 quam-liuterensem
392 1403 420 1449 et
430 1395 573 1459 Racilium,
594 1398 622 1448 in
633 1396 829 1455 eudemluisne
840 1413 904 1450 con·
923 1405 927 1413 ’

104 1470 255 1540 iuratione.
291 1468 349 1522 Nec
368 1466 415 1520 diu
436 1471 560 1517 noratur
579 1466 701 1517 dolorem
721 1467 815 1530 suum',
836 1468 902 1535 quin

105 1535 400 1592 eosinterficiinb'eat.
436 1537 590 1586 Minucium
606 1534 715 1588 libertis
725 1536 846 1588 transdit
856 1552 902 1588 cu·
923 1538 925 1540 ’

105 1608 298 1670 cruciandum
317 1608 384 1658 item
395 1605 573 1672 Calpurnium
585 1602 752 1668 Saluianum,
763 1607 810 1674 qui
820 1601 904 1671 proli·
921 1596 923 1606 ⁴

104 1683 187 1730 tetur.
202 1678 345 1738 indicium,
366 1675 626 1742 coniunctorumque
640 1689 784 1729 numerum
804 1684 902 1743 augam

103 1763 178 1809 vere,
187 1753 220 1797 ut
228 1745 337 1814 quidam
354 1745 528 1806 existimant;
556 1750 589 1802 ut
601 1744 727 1799 nonnulli
738 1752 902 1811 queruntur,
923 1756 925 1760 ’

105 1823 228 1874 coactus.
273 1815 374 1866 lisdem
389 1813 558 1866 cruciatibus
573 1812 698 1866 adfectus
713 1813 746 1865 L.
762 1813 902 1881 Mergilio.

104 1886 227 1954 Squillus
244 1885 370 1938 nominat
382 1885 488 1951 plnres:
512 1897 581 1950 quos
598 1883 847 1936 Cassinsinterii'ci
861 1885 902 1934 iu·

105 1955 160 2016 bet,
177 1955 302 2021 exceptis
316 1953 361 2016 iis,
383 1955 429 2021 qui
447 1968 477 2004 se
493 1953 611 2018 pecunia
625 1953 819 2006 redemerunt:
838 1967 902 2003 nam
920 2011 925 2023 ι

106 2023 196 2096 palam
208 2024 256 2076 Hs
271 2021 320 2074 LX
335 2037 396 2075 cum
413 2022 561 2092 Calpurnio
576 2023 737 2088 paciscitur,
757 2029 856 2080 etcum
868 2021 902 2083 (t.
921 2031 923 2033 ·

106 2096 201 2147 Sextio
210 2095 243 2144 L.
278 2094 334 2155 Qui
343 2094 367 2144 si
378 2091 497 2142 maxime
508 2097 638 2142 nocentes
647 2096 712 2142 sunt
721 2092 841 2152 multati,
859 2095 900 2140 ta-

108 2179 169 2215 men
183 2159 335 2232 peric'ulum
351 2163 424 2217 vitae
438 2159 572 2226 dolorque
586 2160 749 2223 vulnerum,
768 2160 902 2228 pecuniae
922 2163 925 2172 ’

107 2234 250 2295 remissus,
268 2231 461 2284 crudelitatem
476 2243 538 2280 cum
553 2229 804 2300 avaritiocertassc
818 2228 903 2294 signi·

108 2302 215 2354 ficabat.

118 2368 138 2398 ³
161 2369 235 2423 Lvt.
251 2367 366 2437 Aliquot
374 2370 439 2434 post
453 2365 672 2419 diebuslitterns
682 2382 699 2419 a
709 2368 828 2419 caesare
838 2365 902 2415 mis-

109 2455 154 2496 sas
164 2441 274 2507 accipit,
295 2437 393 2506 quibus
404 2437 554 2504 cognoscit,
564 2437 736 2504 Pompeium,
755 2437 783 2496 in
794 2434 854 2485 acie
865 2434 903 2484 ni·

110 2519 198 2572 ctum,
218 2503 326 2560 amissis
337 2504 546 2572 copiis-fugisse.
582 2506 644 2569 Qua
653 2521 684 2557 re
693 2506 817 2570 cognita,
834 2500 899 2556 mix·

111 2579 277 2631 tamdolore
288 2575 456 2642 voluptutem
469 2574 601 2644 capiebat.
620 2607 622 2612 ·
637 2574 775 2626 Victoriae
786 2572 903 2623 nuncios

111 2649 245 2701 laetitiam
265 2645 449 2713 exprimebat3
467 2644 623 2697 conlectum
640 2645 743 2696 bellum
765 2643 902 2694 licentiam

111 2727 263 2791 temporum
283 2715 511 2783 intercludebat·¹
537 2711 589 2777 ,Sic
601 2719 674 2778 ,erat
692 2713 792 2776 dubius
810 2711 903 2767 animi.
