2134 3148
189 157 242 210 tlt
377 161 408 210 Α.
427 157 569 210 HlBTll
588 157 645 210 DE
664 158 802 210 benno

188 263 235 314 ubi
247 261 388 330 elephanti
399 269 487 325 erant,
497 263 527 312 in
538 269 689 329 conspectu
700 266 806 331 patenti
818 263 1005 314 adversario-

187 348 249 383 rum
261 334 394 384 coristltit.

238 403 326 454 XLll.
344 403 436 465 Quum
447 402 503 452 iam
512 416 602 470 prope
615 403 684 453 solis
695 417 821 453 omasum
835 404 941 453 Caesar
954 419 1004 453 cx·

189 474 380 540 spectavisset,
400 475 492 540 n'eque
503 487 538 523 cx
548 485 583 524 eo
594 472 666 534 loco,
686 489 741 546 quo
752 473 928 534 constiterat,
942 473 1004 522 Sci·
1060 525 1061 540 ,

189 545 300 610 pionem
310 541 443 610 progredi
454 543 567 610 propius
578 558 608 594 se
618 542 868 602 animadvertisset,
879 542 1003 609 locoque

168 655 175 662 .
189 614 279 680 nragis
290 627 321 664 se
332 611 493 674 defendere,
514 613 540 662 si
549 627 594 663 res
605 615 752 680 coegisset,
764 627 844 678 quam
857 613 885 660 in
897 626 1001 678 canipe

188 683 343 733 comminus
359 682 510 733 consistere
520 681 636 744 auderem
656 698 712 733 nou
724 686 767 731 cst
778 683 835 730 risa
846 683 918 732 ratio
931 697 1000 749 pro·

189 754 251 818 pius
261 752 411 803 accedendi
423 765 456 802 eo
468 751 514 802 (lie
525 751 561 800 ad
573 751 711 819 oppidum,
721 753 855 818 queniam
865 753 905 802 ibi
917 768 1002 819 prae·

188 821 287 872 sidium
299 821 405 888 grande
416 821 598 873 Numidarum
614 836 675 871 esse
686 827 867 887 cognoverat,
890 821 1001 873 hostes·

188 906 241 956 que
254 891 371 941 mediam
383 893 470 941 aciem
482 905 560 940 suam
573 890 673 956 oppidu
685 893 805 954 texisse3
824 893 934 959 sibique
947 892 1001 942 ‹lil-

188 959 261 1010 licile
274 959 350 1010 iactu
361 975 424 1012 esse
433 959 582 1022 intellexit,
593 960 847 1028 simuletoppidum
858 976 914 1011 uno
927 968 1001 1012 tern-

190 1044 258 1095 pore
270 1043 440 1096 oppugnare,
451 1033 480 1080 et
488 1029 516 1078 in
524 1032 583 1080 acie
592 1031 622 1080 in
632 1046 717 1082 cornu
724 1031 824 1082 dextro
835 1047 868 1082 ac
878 1033 1000 1082 sinistre

191 1113 226 1150 ex
237 1099 376 1166 iniquiore
387 1098 449 1150 loco
460 1113 593 1164 pugnare,
613 1101 781 1166 praesertim
793 1115 875 1167 quum
889 1101 1000 1152 milites

191 1238 287 1306 ltaque
299 1238 420 1289 reductis
432 1240 490 1289 suis
501 1239 587 1302 copiis
599 1239 626 1288 in
640 1246 741 1302 castra,
751 1245 865 1304 postero
877 1241 922 1290 die
934 1255 999 1307 pro·
1060 1259 1061 1278 ³

192 1309 253 1374 pins
264 1323 361 1359 eorum
372 1309 459 1358 aciem
474 1307 598 1358 instituit
609 1313 786 1376 exporrigere
796 1311 980 1360 munitiones.

243 1377 342 1430 XLlll.
370 1378 485 1428 interim
497 1377 652 1441 Considius,
669 1379 717 1445 qui
726 1377 863 1431 Achillam
875 1384 940 1429 octo
953 1395 999 1430 co·

193 1447 322 1498 hortibus
338 1447 530 1514 stipendiariis
545 1447 671 1498 Numidis
686 1447 868 1515 Gaetulisque
886 1449 999 1499 obside-

192 1519 250 1580 bat,
272 1518 319 1569 ubi
331 1518 360 1567 G.
375 1519 496 1568 ltlessius
518 1515 679 1568 cohortibus
700 1525 840 1584 praeerat,
861 1517 909 1568 diu
926 1518 998 1567 mul·

193 1594 307 1654 tumque
318 1594 461 1652 expertus,
482 1589 651 1654 magnisque·
660 1589 790 1654 operibus
806 1603 889 1654 saepe
902 1586 999 1637 admo·

193 1659 240 1718 tis,
252 1665 281 1708 et
291 1659 326 1708 iis
337 1658 372 1708 ab
385 1656 530 1723 oppidanis
541 1656 678 1719 incensis,
699 1673 783 1724 quum
794 1657 947 1723 proliceret
957 1658 999 1706 ni·

194 1726 241 1787 hil,
253 1727 346 1777 subito
358 1728 460 1777 nuncio
472 1726 506 1777 (le
517 1728 638 1791 equestri
650 1728 758 1793 proelio
770 1727 864 1778 adlato
876 1741 999 1777 murmo-

193 1805 247 1856 tus,
264 1796 415 1856 humente,
432 1796 510 1846 cuius
521 1795 550 1845 in
563 1797 664 1846 castris
676 1797 783 1862 copiam
796 1795 941 1858 habuerat,
958 1797 1000 1846 in-

193 1879 292 1926 cens03
312 1865 384 1926 rino,
397 1863 470 1926 oleo,
483 1865 639 1931 ceterisque
652 1866 745 1929 rebus,
766 1882 836 1932 quae
847 1867 881 1916 ad
892 1867 997 1916 rictum

193 1935 285 2001 parari
297 1932 400 1995 solent,
415 1935 563 2000 corruptis,
580 1933 727 1998 Achillam,
746 1952 827 2002 quarn
839 1936 1000 1998 obsidebat,

193 2003 317 2055 deseruit
328 2009 423 2070 atque,
446 2004 546 2054 itinere
563 2019 613 2069 per
625 2007 838 2071 regnum'lubae
849 2006 933 2065 lactu,
953 2021 998 2056 co·

193 2076 253 2141 pias
263 2090 324 2126 cum
336 2073 466 2139 Scipione
477 2075 606 2138 partitus,
618 2075 800 2126 adrumetum
810 2092 840 2127 se
851 2075 969 2140 recepit.

245 2143 335 2196 XLIV
337 2181 343 2193 .
363 2144 475 2194 luterea
490 2159 524 2195 ex
535 2143 657 2194 secundo
677 2152 848 2208 commeatu,
867 2160 947 2212 quern
961 2145 997 2195 ab

194 2212 289 2266 Sicilia
300 2215 416 2265 miserat
425 2213 560 2275 Allienus,
581 2215 658 2264 naris
669 2231 734 2276 una,
751 2216 780 2265 in
791 2232 846 2283 qua
858 2215 951 2266 luerat
961 2216 996 2278 Q.

195 2285 335 2335 Cominius
347 2291 376 2336 et
387 2284 419 2334 L.
431 2283 529 2334 Ticida
550 2299 635 2350 eques
657 2286 810 2347 llomanus,
832 2287 865 2336 ab
882 2284 999 2336 residua
1060 2287 1061 2304 ³

193 2354 281 2406 classe
303 2371 387 2421 quum
414 2355 563 2406 erravisset
588 2352 736 2421 ‹lelataquc
758 2361 835 2406 esset
853 2361 948 2406 rento·
961 2355 996 2404 ad

193 2423 333 2489 Thapson,
352 2423 499 2490 uvirgilio
521 2422 630 2490 scaphis
652 2425 841 2492 naviculisque
862 2426 997 2475 actuariis

192 2500 300 2558 excepta
321 2501 379 2554 est,
401 2501 430 2542 et
441 2493 475 2544 all
487 2493 642 2559 Scipionem
658 2493 787 2545 deducta.
823 2493 893 2544 ltem
906 2493 999 2546 altera

191 2565 269 2610 navis
286 2563 379 2616 trieris
396 2577 429 2611 ex
447 2562 542 2613 eadem
555 2563 657 2621 «alasse,
679 2563 837 2614 errabunda
848 2570 997 2628 actempe·

191 2632 265 2678 state
276 2629 495 2694 edAegimurum
508 2629 611 2693 delata,
623 2646 639 2680 a
651 2632 740 2684 classe
747 2633 814 2686 Vari
827 2639 857 2683 et
867 2633 904 2686 lt.
913 2632 995 2682 Octa·
1060 2669 1061 2678 ,

191 2694 227 2745 rii
238 2701 282 2747 est
293 2704 382 2764 capta,
397 2697 427 2750 iu
440 2713 493 2765 qua
505 2699 608 2752 milites
619 2701 746 2754 veterani
757 2717 817 2754 rum
830 2715 885 2767 uno
898 2709 994 2753 centu
1054 2733 1061 2774 q
