2150 3124
358 197 509 252 LIBER
536 199 589 254 lV.
839 203 873 256 il

70 304 102 355 sd
123 303 249 354 laborem
269 299 414 354 serendum
433 303 630 356 remollescere
649 303 775 358 homines
790 311 876 376 atque

68 372 223 425 effeminari
235 373 414 423 arbitrentur.
912 419 916 430 ,

121 443 170 494 ΙΙΙ.
207 441 320 492 Publice
330 443 478 492 maximam
490 448 587 509 putant
597 458 657 495 esse
668 443 877 512 laudem,quam

69 513 203 564 latissime
214 527 230 562 a
241 514 298 562 suis
308 512 408 561 linibus
418 525 516 564 vacare
528 527 623 580 agros:
639 511 691 564 bac
700 529 732 565 re
741 516 886 581 significa-⁴

68 587 105 644 ri,
125 595 255 648 magnum
272 597 416 632 numerum
432 585 573 633 civitatum
584 597 661 632 suam
674 584 728 633 rim
738 586 877 637 sustinere

69 665 122 703 nun
135 665 234 717 posse·
263 652 360 718 ltaque
372 665 426 701 una
437 659 471 702 ex
479 657 560 718 parte
572 667 588 702 a
598 649 695 704 Suevis
706 655 817 704 circiter
826 655 877 704 mi-

68 721 106 772 lia
125 724 258 786 passuum
278 721 326 770 Dc
342 722 401 788 agri
416 735 514 773 vacare
530 721 668 773 dicuntur.
703 723 743 774 Au
756 723 876 776 alteram

67 797 176 858 partem
196 789 349 841 succedunt
369 790 443 852 Ubii,
463 793 592 859 (quorum
609 790 663 842 tuit
677 793 877 859 civitasamplu

68 867 151 928 atque
167 859 282 920 florens,
302 865 334 910 ut
349 865 391 910 est
400 865 497 926 captus
508 860 723 925 Germanorum)
733 869 762 914 et
772 863 878 923 nautio.

69 937 152 998 quam
173 935 239 979 sunt
257 929 379 980 eiusdem
394 933 516 997 generis,
537 937 566 982 st
580 933 678 983 ceteris
689 931 876 996 humaniores,

68 1005 218 1067 propterea
240 998 314 1065 quod
333 998 460 1050 Rhenum
480 1000 629 1068 adtingunt
647 1002 818 1070 multumque
839 1003 876 1054 ad

69 1083 116 1121 eos
132 1073 303 1119 mercatores
318 1069 455 1120 ventitant
465 1075 493 1120 et
503 1071 554 1137 ipsi
565 1076 678 1137 propter
688 1075 875 1140 propinquitaa

8 1157 11 1164 ²
68 1145 124 1190 tem
145 1137 262 1189 Gallicis
286 1143 351 1189 sunt
369 1139 491 1189 arcubus
512 1139 674 1192 adsuefacti.
693 1143 770 1192 llos
790 1157 876 1208 quum

67 1208 163 1270 Sueri,
175 1207 270 1257 multis
281 1221 363 1273 saepe
373 1208 455 1259 bellis
466 1211 585 1276 experti,
596 1215 708 1278 propter
718 1211 876 1278 amplitudi-

67 1293 130 1330 nem
141 1278 362 1345 gravitatemque
372 1279 498 1340 civitatis,
504 1279 603 1330 linibus
615 1279 754 1346 expellere
765 1297 820 1330 nun
829 1287 877 1346 pez

67 1350 201 1408 tuissent,
220 1351 314 1398 tamen
325 1346 475 1414 vectigales
486 1348 537 1398 sibi
549 1347 674 1402 fecerunt
684 1364 716 1400 uc
727 1350 816 1400 multo
826 1347 885 1400 hu·¹

67 1417 190 1468 mitiores
201 1417 421 1484 infirmioresque
433 1417 607 1485 redegerunt.
809 1455 813 1462 .

119 1486 169 1539 lV.
207 1486 236 1536 ln
253 1487 349 1538 eudem
365 1485 463 1537 cau'ssa
474 1487 585 1538 fuerunt
597 1487 721 1552 Usipetes
732 1491 760 1538 et
770 1485 878 1538 Teuch-

69 1556 156 1617 them‘,
167 1569 236 1622 quos
247 1570 329 1622 supra
340 1556 473 1619 diximus,
484 1559 530 1624 qui
542 1555 699 1622 complures
710 1571 797 1606 annos
809 1555 876 1608 Sue·

68 1639 165 1676 vorum
182 1625 236 1674 vim
251 1627 453 1688 sustinuerunt3
473 1625 508 1677 ad
526 1631 681 1677 extremum
697 1635 790 1676 tanren
801 1627 876 1692 egris

69 1695 180 1762 expulsi
201 1699 234 1745 et'
243 1695 337 1745 multis
352 1695 518 1746 Germaniae
533 1696 601 1746 locis
618 1696 768 1746 triennium
783 1697 877 1762 vagati

67 1764 103 1816 ad
113 1763 238 1816 Rhenum
249 1770 445 1831 pervenerunt:
459 1780 526 1832 quas
536 1766 790 1833 reg-ioneslilcnapii
800 1766 875 1818 incri-

68 1835 165 1886 lebant
175 1839 204 1885 et
214 1833 250 1885 a'd
261 1839 407 1902 utramque
419 1836 505 1900 ripam
516 1834 637 1885 fluminis
648 1849 737 1903 agros,
750 1836 884 1888 aedilicia·

67 1907 200 1972 vicosque
209 1902 359 1966 habebant;
371 1903 419 1954 sed
429 1908 524 1956 tantae
535 1905 717 1955 multitudinis
729 1905 803 1956 aditu
815 1920 875 1971 per-

66 1975 216 2036 territi„ex
225 1972 267 2024 his
278 1974 418 2036 aedificiis,
432 1989 502 2042 quae
513 1973 701 2026 transflumen
712 1974 874 2036 habuerunt,

68 2045 293 2110 demigraverunt
308 2049 349 2106 et,
370 2045 409 2094 cis
427 2042 552 2096 Rhenum
566 2045 708 2110 dispositis
723 2045 875 2111 praesidiis,

67 2115 223 2165 Germanos
232 2115 350 2165 transire
362 2111 550 2178 prohibebant.
586 2114 644 2176 llli,
656 2117 748 2164 omnia
759 2115 875 2180 experti,

67 2189 152 2252 quum·
168 2195 258 2250 neque
273 2184 299 2232 vi
315 2183 482 2235 contendere
500 2189 611 2251 propter
621 2185 742 2251 inopiam
754 2185 874 2244 navium,

67 2268 158 2321 neque
173 2252 244 2303 clem
260 2253 379 2304 transire
396 2259 510 2320 propter
528 2254 667 2306 custodias
680 2254 874 2318 Menapiorum

8 2319 9 2324 ’
66 2326 193 2390 possent,
208 2325 310 2374 reverti
326 2337 356 2374 se
366 2324 393 2372 in
405 2337 468 2374 suas
479 2324 558 2374 sedes
570 2325 751 2390 regionesque
762 2320 874 2375 simula-

65 2395 180 2454 verunt3
202 2397 230 2442 et
243 2393 329 2443 tridui
340 2392 411 2442 stiam
423 2395 575 2460 progressi,
590 2405 686 2442 rursus
698 2395 875 2443 reverterunt

65 2469 166 2529 utque,
181 2462 255 2512 omni
267 2460 319 2514 huc
328 2463 426 2516 itinere
438 2478 493 2513 unu
506 2466 585 2512 nocte
597 2463 722 2528 equitatu
734 2459 873 2522 coniecto,

64 2533 168 2584 inscius
187 2533 415 2600 inopinantesque
430 2532 573 2602 Menapios
589 2529 798 2596 oppresseruht,
817 2530 874 2596 qui,

65 2602 101 2654 de
111 2601 314 2654 Germanorum
330 2601 518 2668 discessuper
533 2600 724 2667 exploratores
739 2601 872 2650 certiores

65 2671 150 2733 facti,
166 2672 225 2722 sine
236 2677 313 2724 uretu
323 2678 400 2722 trans
409 2670 573 2740 Rhenumin
584 2685 648 2721 suos
658 2671 732 2720 vicos
742 2670 874 2735 remigre-

65 2745 172 2794 rerant.
208 2741 260 2794 llis
275 2741 428 2796 interfectis
439 2741 607 2810 nuribusque
618 2753 713 2793 eorum
726 2738 873 2807 occupatis,
