2180 3140
338 277 342 286 .
401 233 548 292 LIBER
583 233 605 292 K
850 233 906 293 271·

136 339 276 396 LXXIX.
295 342 391 396 Genus
402 347 465 395 erat
475 341 527 394 boc
537 357 658 412 pugnae
689 339 846 410 Expeditae
856 357 901 395 co

96 411 194 466 liortcs
205 413 386 466 notissimum
397 428 497 482 agmen
508 413 689 478 claudebant3
698 413 880 482 pluriesque
873 429 901 464 ιιι

7 531 8 538 ,
95 483 166 537 loeis
187 484 390 550 campestribus
410 483 614 534 subsistebant.
645 487 670 534 si
684 499 764 548 prom
781 490 842 535 erat
854 483 902 534 ad-

95 552 284 617 secedendus,
305 551 406 604 facile
398 567 460 620 ipsa
470 553 523 604 loci
535 559 636 604 natura
644 553 799 621 periculum
810 552 902 619 repel

7 649 8 692 j
96 624 184 685 lebet,
195 623 269 691 quod
280 637 315 674 ex
326 623 396 674 locis
407 623 608 690 superioribus,
624 622 671 690 qui
682 628 901 688 antecesserant,
930 675 933 678 .

7 715 9 762 ι
97 690 217 760 desuper
227 707 292 744 suos
301 687 503 744 adscendentes
512 693 707 760 proterebant
743 692 835 754 Quum
845 691 901 744 val

95 763 132 814 lis
138 761 279 814 antiocus
290 761 405 814 declivis
415 762 544 823 suberat,
564 775 654 829 neque
663 762 698 825 ii,
718 763 764 830 qui
776 767 901 814 anteces-

7 841 8 886 ξ
95 838 203 894 serant,
223 832 393 883 morantibus
405 846 486 898 opem
496 829 571 882 ferre
581 837 719 896 poterant,
739 834 900 898 equitasse

96 915 138 953 ro
152 915 188 952 ex
209 900 271 952 loco
292 901 478 968 superiorein
495 914 609 952 auersos
624 901 685 952 tela
699 902 901 953 conficiebant:

95 978 163 1023 turn
160 983 269 1038 magno
280 970 358 1022 erat'
349 987 379 1022 ιιι
389 970 515 1036 periculo
526 985 580 1022 res.
614 971 841 1039 Relinquebatur,
860 977 901 1034 ut,

95 1055 181 1109 quum
194 1041 332 1092 eiusmodi
346 1039 417 1092 loeis
429 1046 502 1092 esset
513 1040 780 1110 adpropinquatum,
810 1041 899 1109 legin·

95 1125 163 1162 num
183 1110 266 1178 signa
287 1111 442 1161 consistere
466 1111 597 1161 iuberent
615 1125 773 1179 magnoque
794 1112 900 1177 impetu

97 1181 253 1248 equitatum
264 1179 450 1248 repellercnt3
467 1195 501 1231 eo
512 1179 650 1242 submoto,
669 1187 784 1248 repente
795 1181 902 1231 incitati

97 1263 181 1302 cursu
188 1264 256 1301 'sese
266 1251 295 1300 in
306 1248 389 1300 vallis
399 1251 522 1302 universi
533 1250 714 1302 demitterent
725 1257 822 1316 atque,
851 1252 902 1312 ita,

96 1320 280 1387 transgressi,
291 1333 388 1370 rursus
397 1320 426 1369 in
434 1319 699 1386 locissuperioribus
706 1321 902 1370 consisterent.

99 1389 171 1442 Nam
190 1394 300 1440 tantum
320 1389 355 1440 ab
376 1389 500 1456 equitum
517 1403 631 1440 sucrum
647 1389 759 1440 auxiliis
774 1389 904 1450 aberant,

100 1471 219 1527 quorum
230 1473 375 1511 numerum
387 1457 526 1510 habebant
536 1473 680 1526 magnum,
700 1463 732 1508 ut
742 1472 804 1520 eos,
824 1471 903 1524 supe·

100 1527 223 1582 rioribus
233 1530 401 1596 perterritos
414 1528 578 1594 proeliis,
571 1545 601 1579 ιιι
615 1527 736 1579 medium
747 1530 905 1595 reciperent

101 1612 203 1666 agmen
214 1597 345 1665 ultroque
356 1613 404 1649 eos
415 1603 581 1650 tuerentur:
601 1612 718 1664 quorum
733 1595 804 1646 nulli
816 1611 849 1648 ex
861 1599 904 1646 iti-

102 1679 172 1720 nero
183 1667 318 1720 excedere
329 1668 440 1730 licebat,
459 1667 523 1736 quin
535 1667 569 1719 ab
582 1668 710 1768 equitatu
721 1666 849 1718 Caesaris
859 1680 904 1717 cx

102 1737 127 1789 ci
149 1742 269 1789 crentur.

130 1753 178 1858 pl
179 1806 267 1858 XXX.
280 1805 348 1859 Tali
364 1805 428 1860 dum
446 1818 586 1876 pugnatur
598 1806 700 1871 modo,
729 1805 804 1860 lente
820 1812 904 1874 atque

101 1875 247 1944 paullatim
259 1876 423 1943 proceditur
433 1879 595 1947 crebroque,
610 1884 643 1928 ut
654 1880 710 1929 sint
721 1877 823 1928 auxilio
835 1879 903 1941 suis,

101 1947 270 1999 subsistunt·
284 1950 382 1997 uttum
395 1948 505 2001 accrdrt
525 1948 829 2016 Mrlraenrmprogrcssr
839 1961 904 2014 qua

100 2023 166 2068 tuor
173 2053 181 2080 ,
201 2015 447 2099 vehementiusque
458 2020 608 2086 peragitati
619 2018 653 2074 ab
665 2019 806 2086 equitatu,
826 2031 904 2068 neon·

101 2091 158 2138 tem
175 2085 314 2137 excelsum
328 2088 442 2152 capiunt
457 2089 552 2155 ibique
568 2103 625 2138 una
640 2086 732 2138 fronte
748 2093 846 2137 contra
857 2084 905 2136 bo·
966 2122 973 2127 -

101 2161 173 2206 stem
189 2159 280 2206 castra
295 2157 437 2219 muniunt,
467 2172 558 2223 neque
573 2157 705 2206 iumentis
722 2170 809 2207 onera
820 2154 904 2221 depo·
999 2189 1002 2201 .

103 2228 182 2274 nunt.
218 2224 270 2275 Ubi
292 2225 421 2275 Caesaris
442 2231 535 2276 cestra
555 2227 649 2291 posita
668 2223 904 2289 tabernaculaque

103 2293 266 2356 constituta,
278 2298 306 2344 et
316 2291 443 2345 dimissos
455 2295 563 2362 equites
575 2293 726 2360 pabulandi
737 2307 836 2344 caussa
848 2293 906 2349 ani·

103 2377 177 2413 ιιιιιιιι
189 2362 380 2425 adverterunt,
399 2377 463 2414 sese
475 2364 569 2414 subito
579 2364 736 2430 proripiunt
746 2360 816 2413 hora
827 2362 904 2412 circi·

101 2438 146 2484 ter
157 2437 237 2483 sexta
248 2429 371 2484 eiusdem
383 2431 439 2484 diei
451 2438 487 2494 et,
498 2447 574 2500 spem
581 2432 655 2482 nacti
663 2445 765 2494 morae,
778 2431 904 2483 discessu
986 2457 989 2466 ν

104 2507 261 2553 nostrorum
279 2503 420 2569 equitum,
449 2505 504 2554 iter
518 2501 611 2553 lacere
622 2502 764 2568 incipiunt.
801 2500 863 2562 Qua
873 2515 905 2552 re

103 2573 225 2623 animum
244 2571 372 2634 aduersa,
405 2573 516 2624 Caesar
522 2571 628 2624 relictis
639 2571 797 2639 levioribus
809 2571 904 2623 subsc·

22 2669 29 2681 ·
103 2631 211 2710 quitur,
240 2641 379 2708 praesidio
395 2643 600 2710 impedimentis
617 2655 718 2708 paucas
729 2637 851 2693 cohortis
863 2655 904 2693 rc·

103 2711 214 2782 linquit·
235 2711 306 2763 bora
317 2713 423 2764 decima
434 2712 565 2782 subsequi
576 2712 762 2780 pabulatores,
784 2712 904 2781 equites-

103 2795 157 2851 que
168 2785 295 2870 revecari
305 2783 391 2836 iubet.
423 2784 559 2837 celeriter
571 2785 710 2849 equitatus
722 2782 757 2836 ad
769 2782 942 2848 quotidie
