2152 3144
389 171 546 224 ursuli
573 173 627 226 lll.
656 201 659 208 ·
857 169 909 228 aii

162 273 300 326 Lxxxlr.
320 271 466 341 Pompeius
480 279 575 340 paucis
588 282 653 343 post
667 276 764 328 diebus
779 279 807 328 in
819 275 906 328 Thes-

110 344 208 396 saliam
218 344 343 411 pervenit
356 345 586 413 concionatusque
602 347 675 412 apud
687 351 816 397 cunctum
830 360 909 397 exer·

110 416 208 476 citum,
229 415 286 464 suis
301 414 360 480 agit
369 416 489 480 gratias3
511 415 646 482 Scipionis
662 416 765 468 milites
781 413 908 467 cohorta-

108 487 164 541 tur,
181 489 222 544 ut,
243 488 323 550 perta
333 484 387 532 iam
398 483 527 547 victoria,
549 479 667 550 praedas
679 501 711 536 ac
721 488 904 550 praemiorum

109 551 195 603 velint
210 566 271 603 esse
286 553 448 619 participes:
468 556 640 621 receptisque
660 555 786 606 omnibus
801 555 829 602 in
850 569 906 604 una

109 627 205 671 castra
214 619 380 688 legionibus,
401 637 479 672 suum
491 639 553 674 cum
564 623 691 690 Scipione
702 623 834 673 honorem
845 636 907 687 par·

109 692 194 750 titur,
206 689 406 757 classicumque
416 692 489 758 epud
500 708 562 744 eum
574 695 634 744 cani
646 700 676 743 ct
685 693 804 742 alterurn
815 691 856 741 illi
867 694 908 743 iu·

110 759 158 809 bet
173 756 342 824 praetorium
359 761 445 813 tendi.
479 764 574 814 Auctis
590 765 676 829 copiis
688 762 820 826 Pompeii,
840 761 907 820 duo·

110 828 218 894 busque
227 831 333 895 magnis
349 832 516 882 exercitibus
532 833 702 892 coniunctis,
723 831 839 896 pristina
850 846 907 881 onr-

111 899 195 948 nium·
209 901 389 950 tenlirmatur
405 903 498 966 opinio
514 907 543 953 et
558 917 619 968 spes
636 902 767 952 victoriae
787 905 907 967 augetur

110 966 190 1028 adeo,
209 973 249 1030 ut,
264 967 396 1038 quidquid
407 971 595 1023 intercederet
604 973 744 1037 temporis,
764 969 793 1019 id
803 970 905 1020 morari

112 1037 281 1088 reditumin
300 1039 411 1089 ltaliam
430 1040 585 1104 videretur3
608 1046 644 1102 et,
665 1041 687 1090 si
707 1039 817 1106 quando
838 1039 906 1105 qnid

111 1105 256 1173 Pompeius
273 1109 379 1158 tardius
397 1115 446 1159 aut
463 1111 666 1162 consideratius
682 1109 801 1170 iaceret,
822 1109 905 1158 unius

112 1189 173 1228 esse
188 1178 328 1242 negotium
344 1177 412 1241 diei,
430 1180 480 1230 sed
499 1181 576 1231 illum
592 1180 724 1230 delectari
745 1179 861 1244 imperio
877 1181 906 1229 et

111 1245 271 1296 consulares
282 1249 489 1316 praetoriosque
505 1248 767 1300 serrorum¹‘habere
779 1261 905 1308 numero,

111 1315 253 1368 dicerent·
277 1316 390 1383 lamque
401 1319 475 1369 inter
485 1333 515 1368 se
531 1320 621 1384 palam
638 1318 673 1368 de
682 1317 810 1382 praemiis
821 1330 854 1366 ac
864 1330 905 1364 sa-

111 1383 243 1434 cerdotiis
255 1386 467 1448 contendebant,
482 1391 510 1436 in
522 1400 662 1452 annosque
673 1385 848 1436 consulatum
859 1384 905 1434 de·

111 1455 257 1517 liniebant3
269 1454 323 1505 alii
336 1455 432 1506 domos
442 1458 571 1524 horisque
583 1470 688 1517 eorum,
710 1456 755 1522 qui
766 1457 794 1504 in
805 1451 904 1505 castrii

111 1528 191 1574 erant
212 1523 351 1588 Caesaris,
371 1525 515 1590 petebant:
544 1539 698 1592 magnoque
719 1526 856 1575 intereos
876 1524 905 1574 in

110 1593 227 1644 consilio
247 1591 303 1644 fuit
326 1596 527 1658 controversia,
554 1599 738 1660 'oporteretne
763 1593 797 1645 L.
816 1593 904 1654 Hirri,

110 1661 184 1730 quod
195 1663 219 1712 is
228 1677 245 1712 a
255 1662 386 1730 Pompeio
394 1664 431 1714 'ad
442 1663 558 1716 Parthos
569 1665 667 1714 missus
678 1667 766 1725 esset,
772 1662 904 1727 proximis

110 1731 229 1784 comitiis
242 1735 388 1798 praetoriis
405 1734 527 1786 absentis
542 1737 678 1784 rationem
691 1731 801 1783 haberi:
820 1745 903 1798 quum

110 1802 169 1853 eius
181 1805 327 1854 necessarii
340 1802 422 1854 iidem
433 1805 616 1870 implorarent
627 1803 762 1869 Pompeii,
776 1806 905 1867 praesta·
958 1823 960 1828 ·

111 1876 163 1932 ret,
175 1871 248 1938 quod
258 1873 444 1939 proficiscenti
456 1875 614 1940 recepisset,
636 1889 670 1924 ne
681 1887 731 1939 per
742 1873 801 1922 eius
811 1876 905 1922 aucte·

111 1941 221 1991 ritatem
234 1941 365 2008 deeeptus
377 1944 534 2006 videretur3
564 1945 678 2008 reliqui,
694 1946 723 1992 in
735 1942 831 1992 labore
841 1939 903 2006 pari

109 2023 142 2060 oc
152 2009 285 2076 periculo,
303 2028 338 2062 ne
350 2028 419 2063 unus
431 2027 526 2064 enines
538 2013 723 2073 antecederet,
733 2015 904 2062 recusarent.

162 2077 316 2130 Lxxxrrr.
333 2082 390 2133 lam
403 2082 437 2134 de
449 2084 604 2133 sacerdotio
617 2082 745 2132 Caesaris
757 2080 905 2138 Domitius,

111 2145 205 2212 Scipio
218 2146 403 2216 Spintherque
414 2150 562 2213 Lentulus,
573 2151 742 2216 quotidianis
753 2148 907 2197 contentio·

111 2216 192 2266 nibus
203 2216 243 2267 ad
258 2221 434 2284 gravissimas
450 2221 598 2270 verborum
615 2217 797 2270 contumelias
813 2215 905 2281 palam

111 2283 327 2336 descenderunt=
340 2301 422 2354 quum
428 2285 809 2339 Lentulusaetatislionorem
817 2289 906 2334 usten-

110 2358 195 2414 taret‚
215 2353 356 2405 Domitius
367 2357 499 2406 urbanam
511 2359 628 2424 gratiam
642 2356 858 2422 dignitatemque
869 2354 907 2403 ia·
960 2417 961 2420 Ἴ

112 2427 213 2485 ctaret,
226 2421 315 2488 Scipio
326 2424 471 2476 adfinitate
484 2425 607 2491 Pompeii
618 2425 779 2476 confideret.
809 2422 895 2473 Postu
957 2423 960 2435 “

111 2492 180 2543 lavit
192 2494 274 2543 etiam
285 2493 316 2544 ¹1·
328 2493 473 2546 Afranium
485 2495 654 2561 proditionis
666 2495 803 2546 exercitus
812 2493 907 2564 Attius

110 2559 201 2614 liuius
217 2562 289 2629 apud
308 2562 480 2631 Pompeium,
500 2564 572 2630 quod
589 2567 698 2632 gestu'm
720 2565 747 2613 in
770 2563 908 2628 Hispania

111 2631 223 2682 diceret.
259 2634 301 2684 Et,
316 2634 349 2686 L.
364 2633 504 2686 Domitius
519 2636 548 2684 in
565 2634 681 2685 consilio
698 2634 777 2695 dixit,
796 2633 906 2700 placere

115 2700 173 2823 sibli
183 2701 257 2824 belbe
269 2703 407 2768 coniecto,
428 2711 523 2756 ternas
534 2704 654 2756 tabellas
665 2704 726 2755 dari
738 2702 773 2753 ad
783 2703 906 2755 iudican-

162 2785 207 2824 uu.
248 2786 306 2824 ars.
720 2773 741 2825 z
