2152 3144
362 167 511 222 arnna
540 169 595 222 nr.
717 141 720 150 ’
818 153 869 224 sss

72 271 158 324 aruris
174 275 282 322 armata
295 270 393 322 civitas
407 271 582 322 discurreret
615 271 680 324 llcc
693 271 767 324 idem
778 271 870 326 Ptole·

71 340 162 394 anaide
183 339 293 392 accidit.
329 341 457 406 Pergami
478 341 507 391 in
530 339 645 392 occultis
666 353 699 392 ac
718 341 869 394 reconditis

72 409 180 477 templi,
210 411 265 476 quo
285 416 395 477 praeter
414 410 575 462 sacerdotes
595 408 731 460 adiicias
747 407 869 474 nonest,

73 495 144 550 quae
161 479 259 530 Graeci
275 479 359 528 ἄδυτα
375 478 530 544 adpellant,
561 484 694 545 tympana
707 488 869 531 sonuerunt.

72 551 141 602 ltcm
148 549 291 602 Trallibus
303 550 330 598 in
344 547 446 614 templo
454 547 600 610 Victoriae,
620 549 666 598 ubi
678 548 804 599 Caesaris
815 547 870 614 s'td·

72 625 148 672 tuam
159 622 398 680 consecraverant,
415 617 507 683 palrna
517 633 567 684 per
577 632 625 668 eos
637 617 696 668 dies
707 618 736 668 iu
746 623 820 669 tecto
829 618 870 667 ln·

72 695 116 739 ter
128 693 292 754 coagmenta
301 687 422 756 lapidum
430 691 625 754 expavimento
632 688 773 738 exstitisse
781 683 871 738 osteri-

73 757 201 810 debatur.

126 825 194 878 cvl.
212 826 323 888 Caesar,
342 841 444 892 paucos
455 825 513 878 dies
524 826 552 880 in
564 825 629 878 Asia
639 829 772 886 moratus,
788 825 871 892 quum

70 895 197 948 audisset
208 894 368 962 Pompeium
382 897 464 962 Cypri
476 898 579 959 visum,
609 891 781 957 coniectans,
808 909 870 946 cum

72 965 228 1031 Aegyptum
240 965 295 1016 iter
304 963 417 1027 habere,
437 971 551 1032 propter
561 965 781 1016 necessitudines
791 965 871 1037 regni

73 1035 251 1102 reliquasque
263 1035 322 1084 eius
334 1035 627 1102 lociopportunitates,
638 1033 872 1102 cumlegionlbus,

67 1117 138 1172 ¹urna,
154 1118 237 1170 quana
249 1118 283 1155 ex
293 1103 440 1156 'l'hessalia
450 1121 480 1156 se
491 1107 569 1172 sequi
581 1105 712 1166 iusserat,
733 1109 761 1154 et
772 1103 882 1167 altera,''

73 1189 155 1242 quam
168 1188 202 1224 ex
214 1172 344 1226 Achaiae
356 1174 387 1238 Q.
400 1174 478 1226 Fullo
488 1174 580 1242 legato
591 1178 768 1234 evocaverat,
778 1169 872 1240 “Equi-

73 1243 203 1311 tibusque
215 1244 382 1310 octingentis
394 1249 422 1295 et
432 1245 547 1294 navibus
557 1237 870 1312 longisllhodiis'decem

71 1319 102 1366 et
121 1313 250 1364 Asiaticis
269 1314 375 1379 paucis,
403 1312 596 1366 Alexandriam
608 1311 746 1378 pervenit.
781 1309 812 1362 lu
830 1309 871 1362 his

72 1388 154 1436 erant
165 1382 321 1450 legionibus
332 1380 471 1434 hominum
479 1381 735 1433 triamiliaducenti
743 1397 749 1443 3
758 1379 872 1448 reliqui,

71 1452 232 1504 vulneribus
243 1467 278 1504 ex
289 1452 401 1518 proeliis
412 1458 441 1504 et
450 1452 546 1503 labore
559 1449 872 1518 acnragnitudine'itinc-
905 1511 906 1516 Ἰ

70 1523 111 1574 ris
122 1521 256 1583 conlecti,
286 1523 416 1589 consequi
431 1537 486 1573 non
502 1526 659 1589 potuerant.
695 1517 749 1570 Sed
762 1519 872 1584 Caesar,

72 1593 193 1644 confisus
203 1589 279 1642 lama
287 1607 380 1648 rerum
390 1596 545 1658 gestarum,
564 1588 801 1641 infirmis'auxiliis
813 1603 872 1654 pro-

71 1659 160 1712 ficisci
175 1675 231 1711 non
248 1660 422 1712 dubitaverat
440 1658 649 1728 atque'omnem
665 1659 717 1712 sibi
728 1658 818 1710 lo‘c'rim
831 1663 873 1710 tu-

71 1736 130 1783 tum
143 1728 205 1781 lore
216 1731 400 1783 existimabat.
423 1727 607 1782 Alexandriae
619 1730 657 1780 da
665 1728 789 1794 Pomp'cii
801 1743 872 1778 mor·

72 1805 102 1852 tc
111 1803 265 1867 cognoscit:
289 1806 372 1867 atque
383 1800 423 1851 ibi
432 1799 550 1867 primum
563 1815 577 1851 e
588 1803 651 1850 navi
662 1797 806 1868 egrediens
818 1798 872 1849 cla·

73 1885 180 1922 morem
191 1869 307 1920 militurn
324 1869 413 1934 audit,
443 1885 511 1938 quos
527 1884 578 1920 rex
588 1871 615 1920 in
627 1869 728 1938 oppido
739 1863 870 1934 praesidii
893 1873 898 1884 ‘

27 1988 32 1996 ,
73 1953 170 1990 caussa
190 1939 355 2005 reliquerat,
384 1945 413 1992 ct
429 1955 593 1992 concursum
609 1939 643 1990 ad
659 1955 689 1991 se
706 1937 769 1990 fieri
785 1939 871 2002 'vidct‚

17 2057 19 2076 ᾗ
74 2009 145 2076 quod
161 2008 251 2060 fasces
262 2007 477 2062 anteferrentur.
513 2009 545 2061 ln
556 2007 609 2061 hoc
621 2010 710 2062 omnis
721 2007 870 2059 multitudo

17 2105 19 2142 i
73 2079 246 2128 maiestatem
258 2080 364 2144 regiam
380 2080 466 2130 minui
477 2074 662 2146 praedicabat.
699 2077 870 2144 Hocsedato

17 2149 19 2186 ἴ
72 2143 210 2208 tumultu,
231 2147 344 2198 crebrae
355 2149 493 2198 continuis
503 2148 598 2199 diebus
610 2164 644 2199 ex
656 2161 793 2198 discursu
804 2145 872 2195 mul-

73 2211 203 2264 titudinis
215 2216 415 2266 concitationes
426 2217 539 2280 fiebant,
552 2232 613 2267 com
633 2215 761 2282 lucosque
769 2213 871 2266 milites

72 2279 587 2351 huiusurbisomnibuspartibusintc
624 2285 777 2336 ciebantur.
832 2287 835 2296 ’
900 2306 902 2308 ·

127 2351 209 2405 cvll.
227 2353 333 2414 Quibus
345 2354 426 2406 rebus
438 2355 651 2416 animadversis,
679 2353 810 2432 legiones
818 2351 870 2404 s'ibi

73 2421 189 2474 alias'cx
199 2423 264 2474 Asia
274 2422 373 2476 adduci
383 2425 476 2486 iussit,
494 2439 562 2492 quas
574 2439 608 2474 ex
619 2421 792 2489 l'om'peianis
803 2424 874 2474 mili·
906 2475 907 2478 ,

73 2491 149 2543 tibus
159 2491 330 2544 confecerat:
362 2493 422 2562 ipse
438 2497 509 2546 enim
522 2495 678 2546 necessario
690 2494 784 2562 eclesiis
796 2498 873 2545 tene·
904 2539 908 2546 ,.

73 2559 170 2628 batur,
198 2563 246 2632 qul
256 2561 425 2616 Alexandria
435 2564 630 2633 navigantibus
640 2557 705 2633 sup't
716 2563 876 2614 adversissi-

75 2631 218 2686 miveliti.”
240 2634 355 2686 lntcrim
371 2636 574 2688 controversias
588 2629 686 2704 regum
697 2629 733 2686 ad
743 2627 872 2701 populum

75 2701 230 2756 Romanum
241 2703 314 2756 etad
326 2719 364 2766 se,
376 2703 448 2774 quod
459 2712 534 2760 esset
545 2699 808 2773 consul,''pertinere
819 2702 871 2757 evi·
