2150 3124
95 145 98 152 ’
159 175 183 232 s:
345 170 401 222 on
421 165 564 228 annno
583 162 770 220 olomeo

158 291 220 334 rum
231 289 297 330 suas
307 275 402 340 copies
412 271 630 324 trsnsduxerant
639 274 668 322 et
679 253 716 329 ¹in*
725 265 883 329 Aeduorum
893 267 967 319 lines
1060 269 1061 320 ξ

159 349 343 412 pervenerant
357 356 507 409 eorumque
523 355 604 408 agros
616 339 829 406 populabantur.
865 337 965 399 Aedui,

159 430 244 482 quum
254 430 285 468 se
295 427 398 480 suaque
410 414 443 466 ab
454 413 487 463 iis
498 409 647 469 defendere
657 425 713 468 non
724 409 844 476 possent,
853 405 965 476 legatos

159 484 195 536 ad
207 485 352 538 Gaesarem
362 483 477 542 mittimt
486 485 616 548 rogatum
627 479 773 530 auxilium:
794 476 836 530 ita
850 494 878 529 re
892 473 966 528 omni

159 561 277 621 tempore
292 553 323 606 de
335 553 435 622 popolo
449 549 571 608 Rmnaoo
586 549 696 602 meritos
709 564 776 612 esse,
795 556 827 600 nt
838 562 925 617 poene
935 544 967 598 io

159 631 300 690 compecto
311 620 445 675 exercitos
455 620 544 674 nostri
561 619 627 689 ogre'
640 618 757 680 tortori,
779 616 858 672 libori
872 629 967 668 eorum

159 691 188 746 io
198 691 355 744 servitutem
364 689 473 754 obduci,
484 687 746 758 oppidoonpugnari
755 685 967 747 oosdeiuerint.
1041 694 1044 698 '
1060 711 1061 718 κ

160 761 267 818 Eodem
276 767 402 827 tempore
411 761 550 820 Ambarri,
560 760 722 817 ,necessarii
729 763 758 808 et
768 755 968 824 consanguinei

160 832 331 894 Aeduorum,
346 832 492 882 Caesarem
503 831 651 886 certiorem
662 827 781 890 faciunt,
796 841 871 890 sese,
886 826 970 892 depo·

181 901 265 958 ulatis
276 901 362 967 agris,
380 915 436 952 non
449 898 533 952 ,facile
543 899 578 948 ab
589 897 696 964 oppidis
706 898 761 946 rim
772 895 894 947 hostium
905 909 970 961 pros

160 915 268 1024 bibere:
294 971 362 1020 item
371 970 547 1036 Allobroges,
567 968 613 1034 qui
626 973 703 1018 trans
716 964 880 1018 Rhodanum
890 967 969 1015 vicos

160 1039 404 1106 possessionesque
415 1036 566 1099 habebant,
581 1035 648 1104 fuga
658 1050 688 1088 se
698 1035 734 1086 ad
745 1035 969 1086 Caesaremreoi-

160 1112 240 1184 piunt
255 1113 283 1160 et
293 1107 573 1169 ,demonstrantffsibi
589 1107 775 1172 praeter-‚agri
789 1104 881 1173 solum
896 1101 969 1155 nihil
1060 1135 1061 1140 =

161 1193 221 1230 osse
232 1177 342 1244 reliqui.
372 1177 478 1239 Quibus
488 1177 570 1226 robus
580 1175 716 1226 adductus
728 1175 838 1236 Caesar,
854 1185 968 1224 nonex-

160 1247 340 1314 speotendum
351 1247 402 1298 sibi
413 1247 519 1309 statuit,
531 1245 604 1307 dum,
616 1245 744 1296 omnibus
752 1243 871 1294 fortunis
880 1243 970 1302 sooio·

125 1337 131 1347 ·
159 1332 222 1369 rum
233 1317 394 1378 consumtis,
402 1316 431 1366 in
442 1314 580 1384 Santonos
591 1314 715 1366 Helvetii
726 1315 910 1380 per-venirent.

213 1385 274 1437 llll.
310 1385 426 1438 Flumen
438 1385 569 1448 esteroi,
579 1384 656 1452 quod
665 1399 715 1450 per
730 1383 798 1435 lines
808 1382 969 1435 Aeduorum

130 1477 132 1486 ’
162 1461 190 1510 et
201 1454 395 1524 Sequanorum
405 1456 434 1505 in
443 1453 609 1506 Rhodanum
624 1453 717 1505 inlluit
731 1451 884 1504 inoredibili
900 1451 968 1504 leni·
1053 1438 1061 1487 2.

161 1526 294 1588 tate„ita
309 1531 340 1584 ut
356 1525 463 1588 oeulis,
477 1525 505 1574 in
521 1529 616 1575 utram·
628 1530 737 1590 partem
751 1521 833 1585 fluat,
852 1521 970 1574 iudicari

161 1610 219 1647 non
233 1597 329 1661 possit.
364 1595 395 1646 ld
409 1594 531 1646 Hel-vetii
546 1595 652 1646 ratibus
667 1609 700 1646 ae
721 1592 850 1644 lintribus
867 1591 969 1643 iuuetis
1060 1619 1061 1634 .

160 1667 326 1716 transibant.
361 1664 413 1714 Ubi
429 1678 478 1729 per
494 1663 685 1728 exploratores
696 1664 798 1714 caesar
812 1662 915 1713 oertior
930 1659 968 1712 fo·

163 1739 225 1785 otus
236 1740 292 1795 est,
311 1737 369 1782 tres
382 1733 438 1782 iom
454 1734 598 1798 copiarum
610 1737 704 1798 partes
719 1731 864 1782 Helvetios
880 1730 909 1781 id
918 1727 969 1780 flu-

163 1817 228 1862 men
246 1801 451 1864 transduxisse,
470 1805 597 1868 quartam
612 1816 678 1852 vero
699 1807 807 1866 partem
829 1801 899 1852 eitra
918 1798 968 1852 ilu-
998 1830 1001 1835 ·

107 1867 110 1872 ’
161 1886 227 1926 men
236 1872 343 1929 Ararim
358 1869 498 1937 reliquam
510 1885 582 1922 esse:
603 1869 638 1922 de
651 1869 844 1936 tertiorigilia
860 1884 921 1922 oum
931 1868 969 1922 le·
1060 1887 1061 1906 ¹

162 1941 290 2008 gionibus
301 1939 395 1998 ,tribus
409 1953 425 1990 e
438 1940 537 1990 eastris
551 1939 704 2004 profestos,
724 1939 760 1990 ad
779 1955 840 1992 eam
858 1943 967 2005 partein

161 2009 301 2077 pervenit,
320 2023 391 2074 quae
403 2008 526 2060 nondum
536 2008 640 2060 flumen
653 2011 813 2065 transierat.
848 2010 966 2062 Eos-iim
1060 2041 1061 2062 .

58 2086 61 2094 '
132 2125 134 2134 ,
162 2078 273 2146 peditos
293 2083 322 2130 et
334 2079 517 2144 ,inopinantes
537 2077 698 2146 adgressus,
722 2093 849 2146 magnam
869 2093 965 2130 eorum

162 2153 272 2215 portem
282 2147 414 2200 concidit:
429 2147 530 2215 reliqui
541 2146 624 2216 fugae
634 2147 873 2208 sesemandarunt
882 2154 966 2215 atquo

161 2219 190 2269 in
202 2220 341 2285 proximas
352 2216 434 2270 silvas
445 2217 619 2270 abdiderunt.
637 2218 665 2269 lo
676 2233 762 2287 pagus
773 2217 965 2285 adpellabutur
1060 2225 1061 2242 ¹

163 2289 326 2355 Tigurinus:
346 2302 410 2338 nam
429 2288 517 2338 omnis
538 2288 634 2340 uiritas
648 2288 779 2340 Helvetia
796 2289 824 2338 in
846 2292 965 2356 quatuor

162 2371 248 2425 pogos
259 2357 344 2410 divisa
355 2361 404 2409 est.
439 2357 496 2407 llio
504 2371 591 2425 pagus
603 2374 686 2421 unus,
706 2371 791 2426 quum
802 2357 884 2409 domo
895 2358 964 2410 exis·
1060 2362 1061 2388 l

163 2431 219 2489 sot,
238 2433 357 2493 patrum·
366 2431 525 2478 nostrorum
539 2430 674 2479 menmria
687 2427 718 2478 L.
731 2428 854 2480 Cassium
869 2440 964 2480 oonsu·
1060 2428 1061 2456 ³

162 2493 219 2546 lem
233 2497 414 2551 interfecerat
427 2501 456 2548 et
470 2499 530 2549 eius
544 2499 696 2551 exereitum
710 2497 760 2549 sub
776 2499 871 2564 iugum
885 2497 963 2547 mise·
1058 2513 1061 2550 J

162 2567 216 2622 nrt.
251 2566 294 2622 lta
300 2567 385 2628 „sire
395 2581 474 2630 essu,
493 2567 550 2620 sive
561 2567 677 2634 eon-silio
693 2567 808 2620 deorum
823 2569 962 2618 immorta-

135 2635 138 2641 '
162 2631 245 2694 lium,
265 2648 335 2701 quae
346 2650 411 2700 pars
422 2637 540 2688 civitatis
549 2637 696 2690 Helvetiae
705 2639 840 2705 insignem
855 2633 962 2688 uelami-

161 2705 248 2762 tntem
258 2704 361 2770 populo
372 2705 496 2768 Romano
506 2706 652 2768 intulorst.
671 2721 706 2770 ea
718 2709 844 2776 princeps
860 2716 961 2772 poen„
