2180 3140
213 207 268 265 25⁰
430 211 486 266 DE
506 213 651 268 BELLO
675 217 812 273 elvia!

213 333 260 372 mo
270 315 382 370 hastato
393 319 512 386 legionis
522 318 598 384 xw,
610 323 657 390 qui
667 327 784 392 propter
794 321 920 376 eximiam
930 319 1021 376 vritu-

212 396 270 442 tem
277 403 312 441 ex
322 387 502 450 interioribus
515 391 660 443 ordinibus
671 394 699 443 in
709 409 772 446 euin
782 393 873 452 iocum
883 405 1020 458 perreue-

210 465 264 512 rat.
301 458 491 511 vulnerantur
511 461 630 528 amplius
646 463 703 513 DC.
744 464 786 514 Ex
800 461 958 515 Afranianis
979 461 1019 512 in·

210 530 390 582 teriiciuntur
400 531 433 580 T.
446 528 590 592 Caecilius,
600 533 681 597 primi
694 533 742 600 pili
752 533 886 594 centurio,
898 535 928 582 et
936 544 1019 598 prae·

209 605 255 652 ter
265 599 644 668 eumcenturionesquatuor,
650 603 752 654 milites
764 601 884 668 auspiius
892 599 1017 652 ducenti.

262 667 376 721 XLVli.
413 667 466 720 Sed
479 667 546 722 haec
558 671 618 722 eius
629 671 683 722 diei
695 671 853 738 praefertur
863 669 956 736 opinio
963 705 976 733 ,1
984 673 1016 720 ut

209 753 244 792 aa
250 740 362 807 utrique
374 740 532 806 superiores
543 739 713 802 discessisse,
720 743 926 802 existimarent3
936 736 1017 790 Afra-

209 810 301 869 niani,
321 808 408 876 quod,
428 824 511 877 quum
533 825 593 862 esse
607 812 731 861 oninium
747 811 848 868 iudicio
864 809 1013 875 inferiores

208 879 388 941 riderentur,
409 880 563 932 comminus
583 884 676 932 tamen
699 881 745 932 diu
766 884 911 933 stetissent
925 882 1013 931 etuo·

207 954 333 999 atrorum
352 950 487 1015 impetum
503 951 709 1012 sustinuissent,
729 955 757 1003 et
771 952 852 1001 initio
867 950 958 1002 locum
970 953 1012 998 tu-

206 1015 367 1085 mulumque
378 1021 546 1082 tenuissent,
566 1034 638 1089 quae
649 1035 748 1070 caussa
758 1018 897 1087 pugnandi
908 1018 1011 1080 fuerat,

206 1093 236 1138 et
250 1089 466 1155 nostrosprimo
478 1097 723 1157 congressu‘terga
734 1095 828 1140 rotare
840 1091 1009 1156 coegissent:

191 1159 295 1208 nostri
311 1163 417 1221 autem,
436 1159 523 1228 quod,
545 1161 641 1227 iniquo
657 1160 719 1210 loco
735 1165 819 1226 atque
834 1160 930 1224 impari
946 1170 1010 1206 con·

202 1228 292 1295 gressi
304 1243 428 1290 numero,
438 1231 559 1298 quinque
570 1228 647 1280 horis
659 1229 793 1294 proelium
803 1229 1008 1290 sustinuissent,

203 1297 277 1366 quod
293 1304 415 1350 montem
427 1299 528 1367 gladiis
539 1293 680 1351 destrictis
691 1299 913 1361 adscendissent,
933 1295 1007 1365 quod

203 1381 238 1418 ex
252 1367 314 1419 loco
329 1371 473 1434 superiore
484 1374 566 1436 terga
575 1375 686 1420 vertere
697 1369 872 1420 adversarios
901 1367 1010 1434 coegis-

201 1442 367 1505 sentatque
388 1438 415 1488 in
433 1437 564 1505 oppidum
579 1439 788 1505 conrpuiissent.
826 1437 871 1490 liii
886 1453 948 1488 eum
964 1441 1008 1484 tu.

200 1507 320 1570 muium,
344 1521 394 1574 pro
415 1523 470 1576 quo
490 1515 651 1576 pugnatum,
665 1513 722 1570 est,
746 1508 856 1575 aragnis
876 1504 1003 1575 operibus

199 1579 360 1629 munierunt
371 1578 593 1646 praesidiumque
604 1579 643 1630 ibi
654 1584 817 1644 posuerunt.
999 1631 1002 1638 ,

251 1646 378 1699 XLViii-.
397 1647 596 1699 Acciditetiam
608 1649 784 1716 repentinum
796 1645 999 1700 incommodum

197 1714 297 1778 biduo,
311 1731 366 1783 quo
381 1713 543 1784 haecgesta
554 1722 628 1768 sunt.
665 1718 758 1768 'l'arrta
768 1717 840 1768 eninr
852 1721 1000 1785 tempestas

197 1785 334 1846 cooritur,
345 1789 389 1848 ut,
401 1801 549 1853 numquam
561 1786 695 1838 illisionis
708 1789 828 1838 rnaiores
839 1802 925 1854 aquas
936 1785 1001 1838 iuis·

197 1868 241 1914 se,
252 1859 406 1904 constaret:
421 1859 479 1906 tum
492 1861 583 1908 autem
597 1871 631 1908 ex
643 1857 771 1908 omnibus
783 1857 922 1922 montibus
932 1857 999 1907 nisis

196 1922 302 1990 proluit
315 1937 347 1973 ac
361 1939 483 1975 summas
500 1927 575 1992 ripas
588 1925 711 1977 iluminis
723 1927 879 1993 superarit,
900 1926 999 1992 pontise

197 2007 250 2060 que
261 1993 352 2057 ambo,
361 2007 433 2061 ¹quos
445 1995 473 2046 C.
484 1995 710 2058 Fabiusi'ecerat,
720 2010 776 2046 uno
787 1997 833 2047 die
843 1997 996 2062 interrupit.

195 2063 274 2125 Quae
290 2077 336 2113 res
352 2079 468 2131 ningues
479 2065 659 2117 difficultates
670 2067 805 2118 exercitui
817 2065 943 2118 Caesaris
953 2065 997 2116 ad·

194 2131 269 2186 tulit.
305 2129 404 2185 Castra
428 2136 515 2196 enim,
540 2139 572 2185 ut
594 2151 679 2203 supra
702 2129 932 2206 donroastratum'
948 2141 998 2198 est,

195 2217 279 2271 quum
295 2204 609 2256 essentiateriiumina
619 2205 688 2267 duo,
708 2204 825 2256 Sicorim
836 2210 866 2256 et
876 2205 995 2272 Cingam,

194 2275 287 2340 spatio
298 2273 404 2324 milium
415 2273 639 2338 XXX,neutrum
651 2273 751 2326 horum
761 2275 873 2326 transiri
881 2278 995 2340 poterat,

194 2344 410 2411 necessarioque
435 2358 531 2396 omnes
556 2343 599 2396 his
618 2347 753 2414 augustiis
774 2344 1008 2395 continebantur.'

192 2409 290 2479 Neque
300 2413 439 2476 civitates,
450 2429 520 2482 quae
530 2414 566 2465 ad
579 2415 705 2466 Caesaris
715 2415 865 2468 amicitiam
876 2427 994 2464 accesse-

192 2480 441 2542 rant,irumentunr
452 2490 631 2550 supportare;
641 2499 731 2551 neque
742 2485 771 2545 ii,
780 2487 824 2552 qui
836 2483 992 2549 pabulatum

191 2545 302 2616 longius
323 2555 466 2620 progressi
486 2553 745 2614 erant,‚interciusi
761 2552 933 2614 fluminibus,
952 2565 993 2603 re-

189 2619 275 2680 verti3
296 2623 508 2688 nequemaximi
519 2623 683 2684 comitatus,
698 2625 744 2688 qui
756 2637 790 2678 ex
800 2623 883 2674 ltalia
893 2621 991 2674 Gallia·

190 2695 243 2750 que
259 2689 420 2753 veniebant,
437 2692 467 2741 in
478 2696 571 2741 castra
581 2693 728 2755 pervenire
739 2698 878 2758 poterant.
914 2692 994 2743 Tem·

189 2761 242 2818 put
256 2760 358 2809 ‚autom
377 2764 439 2812 erat
450 2760 521 2823 fauni
534 2757 740 2826 difficillimum,
760 2777 814 2836 quo
829 2776 919 2831 neque
937 2761 990 2814 iro·

542 2887 554 2912 C
