2168 3134
357 140 366 162 ⁸
396 144 547 198 LIBER
565 146 636 200 vll.
872 144 921 200 175

112 258 321 320 smperotorem,
350 249 382 300 de
397 249 608 317 sutoria-atque
623 248 700 302 exitu
714 263 805 301 rerum
819 249 922 302 sentire

111 320 318 376 existimarent:
328 334 376 370 aec
387 320 474 371 minue
485 335 512 370 se
522 318 551 371 s'o
560 318 645 370 milite
656 319 813 370 modestiam
823 327 850 370 et
861 335 923 372 osa·

112 389 274 452 sistentiam,
304 404 385 454 quam
404 388 534 440 virtutem
549 397 630 455 atque
645 387 730 440 animi
757 387 923 458 magnitudi·

111 478 174 516 aem
184 458 345 510 desiderare.

169 527 243 582 [Ali.
263 529 323 580 Hac
338 526 435 578 habita
450 527 584 578 concione
600 530 629 577 ct
643 525 679 577 ad
696 533 848 579 extremam
861 541 921 578 orn·

114 604 224 652 tionem
246 596 420 648 confirmatis
441 597 592 659 militibus,
618 613 652 648 ae
669 594 700 648 ab
717 595 785 649 banc
800 613 922 648 caussam

112 668 209 722 animo
219 675 455 734 permoverentur,
476 682 527 718 aea
534 703 542 728 ‚
562 667 633 733 quod
642 665 773 734 iniquitas
783 665 835 718 locs
845 667 923 718 adtu-

113 740 211 800 lisset,
239 735 270 787 t'd
278 735 377 788 virtuti
387 735 504 787 hostium
515 734 666 788 tribuerent
672 752 683 797 ,·
706 736 801 788 eadem
814 735 848 788 dc
859 750 922 802 pro·

113 809 243 876 sectione
254 807 397 874 cogitans,
418 821 488 878 quae
506 811 572 857 ante
587 816 730 869 senserat,
748 805 874 874 legiones
887 818 923 857 ex

112 875 221 930 castris
254 875 351 927 eduxit
375 877 519 942 aciemque.
544 876 647 928 idoneo
673 875 735 927 locu
765 876 922 928 constituit.

115 948 212 1009 Quum
223 946 437 1012 Vercingetorix
452 945 540 996 nihilo
552 946 641 1012 magis
660 945 689 998 in
702 960 820 1014 aequum
830 946 922 996 locum

115 1014 315 1078 descenderet,
332 1015 387 1066 levi
398 1014 471 1066 facto
484 1016 608 1082 equestri
617 1015 726 1082 proelio
738 1021 820 1082 atque
833 1030 866 1066 co
878 1029 921 1066 se·

116 1085 223 1147 cundo,
233 1085 367 1138 inicastra
378 1085 531 1136 exercitum
543 1085 662 1137 reduxit.
681 1087 772 1148 Quum
783 1084 836 1137 hoo
846 1085 922 1136 idem

115 1160 234 1224 postero
246 1150 291 1206 die
304 1153 427 1216 fecisset,
438 1155 506 1206 satis
517 1154 552 1206 ad
558 1154 696 1206 Gallicam
703 1155 921 1206 ostentationem

115 1224 299 1276 minuendam
311 1223 922 1289 militumqueanimosconfirmandosfactum

117 1294 294 1355 existimans,
304 1293 334 1343 in
347 1293 456 1345 Aeduos
467 1299 559 1343 castra
570 1296 664 1345 morit.
687 1292 728 1344 Ne
739 1298 798 1342 tum
810 1291 922 1358 quidem

117 1363 257 1415 insecutis
269 1360 409 1427 hostibus,
428 1363 513 1413 tertio
525 1363 570 1413 die
582 1362 617 1413 ad
629 1362 733 1413 flumen
744 1361 845 1412 Elaver
855 1375 922 1427 pon·

119 1440 178 1486 tens
190 1431 290 1483 reiecit
300 1438 383 1498 atque
396 1431 548 1484 exercitum
560 1431 729 1482 transduxit.

173 1501 246 1554 LIV.
265 1502 306 1552 lbi
317 1516 334 1552 a
347 1501 512 1553 Virdomaro
530 1507 612 1567 atque
623 1500 808 1567 Eporedirigo
820 1498 923 1550 Aeduis

119 1571 287 1638 adpellatus‚
308 1571 401 1634 discit,
418 1585 479 1621 cum
491 1571 568 1621 omni
579 1570 707 1636 equitatu
718 1568 875 1621 Litavicum
887 1568 923 1620 ad

119 1639 316 1693 sollicitandos
328 1640 438 1693 Aeduos
449 1639 619 1706 proiectum:
636 1654 705 1707 opus
717 1655 790 1702 esse,
808 1645 837 1690 et
846 1639 923 1710 ipsos

120 1709 291 1762 antecedere
302 1710 337 1762 ad
348 1709 566 1762 confirmandam
578 1710 728 1762 civitatem.
752 1709 816 1761 Etsi
827 1709 923 1760 multis

118 1782 178 1833 iam
189 1781 274 1832 rebus
286 1779 430 1846 perfidiam
439 1780 597 1833 Aeduorum
609 1786 783 1848 perspectam
795 1777 924 1843 habebat,

120 1857 206 1916 atque
218 1847 315 1900 borum
332 1849 457 1902 discessu
472 1849 645 1902 admaturari
659 1850 846 1902 defectionem
858 1849 923 1900 sivi·

120 1921 191 1972 tatis
203 1919 394 1970 existimabat:
407 1924 499 1972 tamen
512 1934 560 1972 eos
571 1920 734 1974 retinendos
742 1919 924 1981 noncensuit,

120 2005 157 2041 ne
170 1995 219 2040 aut
228 1988 334 2041 inferro
348 1990 479 2041 iniuriam
490 1991 644 2052 videretur,
676 1997 724 2041 aut
735 1991 801 2041 dare
813 1989 923 2040 timoris

120 2060 243 2125 aliquam
264 2060 460 2126 suspicionem.
500 2060 716 2112 Discedentibus
737 2058 781 2110 bis
802 2059 925 2109 breviter

17 2109 18 2124 ἵ
43 2173 46 2179 .
121 2129 212 2181 suain
225 2128 335 2180 Aeduos
346 2130 447 2182 merita
457 2130 583 2195 exponit:
606 2145 671 2200 quas
684 2138 711 2180 et
722 2143 802 2194 quom
811 2126 924 2178 bundles

119 2197 275 2266 accepisset,
297 2199 479 2264 conpulsatio
490 2199 601 2266 oppida,
622 2201 749 2251 multatos
760 2196 849 2263 arms,
868 2210 923 2247 ons-

119 2267 199 2322 aiom
208 2267 306 2336 ereptis
317 2267 408 2334 copiis,
419 2269 543 2336 imposito
554 2267 697 2338 stipendio,
712 2265 845 2318 obsidibus
855 2280 924 2316 sum·

120 2354 166 2389 ma
181 2354 242 2390 cum
256 2337 421 2390 contumelia
439 2338 554 2391 extortis
561 2355 571 2398 ,·
600 2347 628 2389 et
642 2352 722 2403 quam
732 2335 923 2407 infortunium,

120 2423 253 2475 quamque
263 2407 292 2459 ia
302 2407 504 2472 amplitudinem
516 2407 675 2468 deduxisset,
694 2415 727 2457 at
738 2423 791 2458 aaa
801 2405 884 2455 solam
895 2403 925 2458 ia

116 2476 267 2548 pristinum
278 2485 381 2530 etatem
390 2477 528 2540 redissem,
548 2477 594 2528 sed
603 2476 719 2529 oninium
728 2484 876 2542 temporum
887 2474 926 2525 ds'·

117 2546 255 2619 gnitatem
276 2556 303 2599 et
322 2547 447 2616 gratiam
472 2547 644 2599 antecessisse
664 2546 828 2598 siderentur.
846 2581 849 2589 .
868 2545 923 2596 His

120 2616 195 2669 datis
207 2615 353 2679 mandatis,
372 2633 421 2669 eos
433 2620 467 2670 ab
479 2633 510 2669 se
521 2618 636 2669 dimisit.

174 2688 232 2740 bv.
250 2686 443 2740 Noviodunum
459 2695 521 2740 crat
541 2689 670 2756 oppidum
685 2687 857 2751 Aeduorum,
885 2683 920 2738 ad
