2168 3134
386 179 539 236 LIBER
573 175 595 233 l.
840 179 894 236 23⁰

78 301 169 352 quum
179 286 311 348 venisset,
331 284 465 339 cohortes
476 291 610 355 quinque,
629 284 894 353 praemissacallo-

78 356 165 404 mitio
176 370 212 406 ex
222 355 341 422 oppido,
369 365 482 423 pontem
501 357 625 408 fluminis
641 355 894 420 interrumpebant,

18 439 20 498 ;
81 426 130 492 qui
143 431 209 476 erat
219 428 253 477 ab
266 426 366 492 oppido
382 428 458 477 nrilia
469 441 602 493 passuum
621 427 733 476 circiter
748 425 814 474 tria
851 424 894 474 lbi

18 509 20 528 ³
80 511 144 545 cum
159 497 387 548 antecursoribus
398 497 527 548 Caesaris
542 494 652 562 proelio
663 496 826 554 commisso,
848 509 891 544 ce·

19 571 20 574 ’
79 565 184 616 leniter
194 564 362 628 Domitiani,
393 574 508 633 apontc
523 564 645 631 repulsi,
676 580 706 614 se
719 565 746 612 in
760 562 892 628 oppidum

79 642 262 700 receperunt,
299 638 412 697 Caesar,
432 636 592 704 legionibus
602 633 783 694 transductis,
799 633 834 683 ad
846 647 892 699 op-

80 705 178 771 pidum
191 708 319 756 constitit
330 708 463 773 iuxtaque
476 721 584 755 murum
596 713 689 755 castra
701 705 803 770 posuit.

134 774 225 827 xvir.
247 776 288 827 lte
310 778 435 842 cognita,
461 775 603 826 Domitius
622 774 657 826 ad
679 773 841 839 Pompeium
862 775 893 824 ia

80 844 209 910 Apuliam
221 847 330 910 peritos
347 849 507 913 regionum,
537 860 639 912 niagno
651 846 796 910 proposito
812 857 892 909 prae·

18 935 19 988 ᾗ
82 917 149 976 mio,
171 930 232 965 curn
244 915 349 967 litteris
360 917 462 978 mittit,
471 935 474 940 ·
484 916 531 984 qui
543 923 641 981 petant
651 921 735 987 atque
748 921 840 974 orent,
862 919 893 963 ut

18 995 27 1016 *¹
81 985 135 1036 sibi
147 984 305 1035 subveniat:
338 981 481 1036 Caesarem
498 985 599 1036 duobus
614 983 778 1036 exercitibus
787 992 815 1034 et
825 985 894 1033 lucu·

18 1083 20 1112 ;
81 1053 292 1122 rurrruuguitiis
319 1053 625 1122 aci'lei'rrterclrrdi'posse
636 1055 894 1122 friiuieritoquepro·

18 1171 19 1174 ,
82 1122 181 1173 lu'herr'.
220 1121 279 1186 Quo
320 1124 374 1176 uisi‘
391 1123 509 1196 jecerit,
537 1141 565 1176 se
585 1123 757 1190 cohortesque
777 1122 893 1190 rriirpli'us

18 1197 20 1254 ζ
82 1191 174 1243 XXX
195 1209 375 1262 inunguiturque
394 1209 536 1246 iruruerum
553 1203 708 1246 renatorum
723 1203 804 1260 utque
819 1191 893 1258 epui-

83 1273 142 1314 tuui
154 1261 351 1326 Buritanorum,
370 1264 399 1315 i'rr
406 1263 560 1332 periculum
571 1280 625 1314 eise
636 1273 786 1314 uenturum.
806 1263 894 1312 lutei·-

82 1335 120 1383 inr
144 1348 211 1384 snos
229 1333 406 1396 cohortatus,
437 1339 580 1385 tormenta
600 1336 626 1382 iu
654 1335 739 1382 muris
760 1331 893 1397 disponit,

19 1403 26 1466 ἶ,
84 1407 230 1470 certasque
250 1405 350 1470 cuique
371 1411 467 1469 partes
489 1402 524 1453 ad
540 1402 696 1454 custodiam
713 1402 791 1450 urbis
808 1400 893 1450 adtri-

84 1473 158 1523 buit:
172 1473 308 1525 militibus
320 1475 348 1523 in
360 1475 492 1524 concione
504 1486 588 1539 agros
600 1487 634 1523 ex
645 1471 702 1520 suis
712 1470 893 1536 possessioni·

85 1542 135 1593 bus
147 1541 306 1609 pollicetur,
317 1548 453 1610 quaterna
464 1543 490 1591 in
503 1541 628 1608 singulos
639 1542 737 1606 iugera
749 1544 778 1590 et
788 1552 838 1605 pro
851 1553 893 1589 ra·

85 1617 115 1662 ta
125 1621 206 1678 parte
218 1612 429 1665 centurionibus
441 1613 628 1678 evircatisque.

18 1693 20 1704 ⁵
138 1683 237 1734 XVlll.
257 1684 371 1734 interim
384 1682 495 1732 Caesari
508 1683 665 1742 nunciatur,
685 1677 893 1741 Sulmonenses,

87 1751 160 1820 quod
171 1753 301 1818 oppidum
314 1753 460 1803 aCorlinio
468 1752 516 1804 Vll
529 1749 634 1802 niiliuni
645 1749 793 1800 interuallo
802 1748 892 1812 abest,

87 1837 187 1888 cupere
208 1823 366 1883 euincere,
388 1837 458 1890 quae
479 1821 578 1883 rellet3
597 1819 647 1872 sed
668 1819 733 1882 aa.
748 1819 893 1885 Lucretio,

89 1901 226 1954 narratore,
238 1899 266 1944 et
278 1896 354 1945 Attio
366 1891 482 1959 Peligni)
495 1890 644 1958 prohiberi,
661 1892 708 1958 qui
722 1891 749 1941 id
761 1888 893 1957 oppidum

18 2023 20 2036 Ι
89 1960 137 2012 Vll
150 1959 304 2013 culini-tium
316 1962 455 2029 praesidio
468 1962 619 2012 tenebant*
642 1961 734 2012 Mittit
746 1977 779 2013 eo
791 1961 830 2011 Μ.
841 1963 895 2012 An·

18 2063 20 2084 ,¹
90 2033 195 2082 toniurii
216 2047 278 2084 cum
299 2031 419 2099 legionis
442 2029 738 2083 octaracicohortibus
761 2031 891 2098 quinque.

91 2099 286 2154 Sulmonenses
293 2139 302 2165 ,
331 2102 415 2152 simul
435 2107 519 2168 atque
539 2107 636 2153 nostra
654 2102 733 2166 signa
752 2100 893 2162 viderunt,

92 2177 183 2236 portas
193 2177 378 2238 aperuerunt,
408 2172 585 2238 universique
598 2175 626 2220 ct
638 2169 769 2236 oppidani
783 2175 812 2220 et
823 2169 893 2219 mili-

18 2241 19 2250 ’
93 2247 134 2290 tes
145 2240 251 2292 obviam
262 2240 437 2309 gratulantes
449 2242 568 2291 Antonio
580 2241 722 2290 exierunt:
744 2237 893 2288 Lucretius
930 2261 932 2264 ·

94 2316 121 2360 et
136 2310 225 2361 Attius
242 2311 276 2362 de
292 2327 372 2363 maro
388 2325 417 2360 sc
431 2307 600 2360 deiecerunt.
636 2309 744 2369 Attius,
765 2307 800 2356 uil
812 2308 894 2357 Anto·

94 2379 165 2429 nium
176 2381 326 2445 deductus,
356 2380 440 2446 petit,
471 2383 503 2429 ut
518 2378 553 2429 ad
565 2379 712 2429 Caesarem
728 2377 893 2427 mitteretur.

94 2451 223 2501 Antonius
235 2465 295 2501 cuin
308 2448 468 2502 cohortibus
479 2453 507 2500 et
516 2449 593 2498 Attio
601 2448 697 2498 eodeni
705 2445 759 2509 die,
770 2461 824 2512 quo
833 2461 894 2512 pro·

95 2516 178 2568 lectus
195 2526 269 2582 enat,
300 2520 460 2571 revertitur.
498 2517 600 2570 Cacsar
621 2533 668 2568 eas
685 2515 816 2567 cohortes
832 2530 893 2566 cuni

96 2587 213 2640 exercitu
242 2605 294 2640 suo
305 2590 457 2652 coniunxit,
468 2590 627 2654 Attiumque
640 2587 804 2638 incolumem
816 2585 894 2636 dimi·

96 2659 136 2709 sit.
171 2661 272 2710 Cacsar
282 2659 371 2710 tribus
381 2660 478 2726 primis
494 2659 591 2709 diebus
607 2661 698 2708 castra
711 2657 818 2725 magnis
830 2669 895 2724 opo·

98 2729 167 2778 iilius
186 2729 294 2780 munire
317 2735 345 2780 et
363 2743 398 2780 ex
412 2731 536 2782 finitimis
551 2728 708 2794 municipiis
725 2726 892 2780 frumentum
