2152 3144
146 173 198 234 itt
353 174 413 228 Di:
433 171 576 230 Bouto
596 171 731 228 civici

144 279 263 332 citetur.-
273 276 594 350 queritiere'eifactum,
616 277 840 330 detrimentumm
851 275 947 328 ionum

143 355 277 410 uerteret,
300 347 392 400 retiari
402 345 732 417 Gergouiam-accidisset,
752 344 879 414 atqueis',
899 343 948 416 qui

144 425 208 472 ente
224 416 353 469 dimicare
367 417 532 480 tinuissent,
562 419 641 468 ultro
650 433 683 468 sev
689 415 794 485 proelio
804 413 948 484 offerrent.

197 485 322 540 Lxxrv.
340 486 507 540 Hachabitn
517 489 658 549 concione,
673 485 822 538 nonnullos
833 483 949 552 signife·

147 571 195 611 ros
205 557 357 625 ignominia
368 558 477 609 noterit
486 571 519 608 ac
533 557 595 608 loco
607 559 719 608 morit*
736 556 879 608 Exercitui
891 554 951 620 qui·

147 628 209 679 dem
227 627 302 677 omni
314 632 407 679 temtus
423 628 536 681 incessit
551 641 589 678 ex.
601 625 777 678 irrcommodn
793 623 874 676 dolor
889 629 951 674 tan·

148 709 263 764 tumque
273 697 394 748 studium
411 696 544 748 influmine
559 696 735 758 sarciendae,
767 701 798 745 ut
808 708 890 746 nemo
902 698 952 745 aut

148 767 253 818 tribuni
265 771 314 817 aut
325 767 496 818 centurionis
507 767 652 832 imperium
664 765 848 827 desideraret,
861 769 890 815 et
899 761 953 814 sibi

148 837 267 903 quisque
275 837 358 886 etium
370 851 476 903 poenae
487 836 549 887 loco
561 837 704 903 graviores
715 833 953 902 imponeretlnbo·

148 921 208 968 res,
234 905 371 972 simulque
383 921 479 960 cinnes
491 905 624 956 arderent
633 906 785 972 cupiditate
796 902 952 972 pugnandi:

150 990 235 1044 quum
255 976 407 1040 superioris
427 976 510 1027 etiem
533 975 639 1026 ordinis
660 974 795 1036 nonnulii,
826 976 954 1024 oratione

150 1043 287 1112 permoti,¹
301 1044 467 1095 manendum
481 1044 587 1096 eoloco
600 1051 629 1096 et
638 1060 697 1096 rem
711 1045 817 1112 proelio
829 1043 954 1094 commit·

152 1112 487 1168 tendamexisttnsrenc‘
513 1115 616 1165 Contra
628 1129 661 1166 en
672 1115 774 1167 Caesar
785 1128 876 1181 neque
886 1110 954 1162 satis

152 1181 288 1236 militibus
299 1186 457 1250 perterritis
467 1184 632 1248 confidebat,
647 1185 822 1252 spatiumque
833 1184 954 1248 interpu-

154 1252 275 1304 nendum
288 1253 323 1305 ed
333 1254 498 1307 recreandos
514 1256 622 1305 animm
634 1255 762 1322 putebat,
794 1252 955 1319 relictisque

153 1323 352 1377 nrunitionibus
364 1339 532 1392 magnopere
544 1325 585 1376 rei
595 1323 797 1376 frumentariae
808 1321 932 1373 timebat.

156 1439 158 1444 .
206 1392 318 1446 LXXV.
336 1394 450 1463 ltaque,
471 1395 548 1446 nullu
559 1395 724 1462 interposita
734 1408 828 1456 mora,
851 1392 954 1442 saucio-

151 1477 214 1515 rum
227 1463 310 1515 modo
322 1471 351 1516 et
363 1479 511 1533 aegrorum
521 1462 616 1516 habita
628 1467 747 1527 ratione,
758 1462 958 1530 impedimenta

152 1534 248 1585 omnia
267 1533 380 1586 silentio
402 1536 492 1601 prima
505 1540 589 1587 nocte
612 1550 647 1587 ex
668 1533 767 1586 castris
782 1533 958 1601 Apollonium

153 1605 297 1669 praemisit
309 1618 341 1655 ac
353 1607 550 1674 conquiescere
561 1610 626 1656 ante
636 1601 958 1657 iterconiectumvetuit.

153 1673 206 1724 ilis
222 1688 275 1725 una
285 1673 359 1740 legio
370 1678 454 1726 missa
464 1674 667 1740 praesidio-est.
704 1675 754 1724 llis
765 1671 905 1739 explicitis
917 1685 958 1722 re-

153 1743 220 1804 bus,
250 1742 320 1793 duas
338 1744 479 1794 incastris
493 1743 759 1810 legionesretinuit,
790 1741 912 1808 reliquas
923 1738 958 1790 de

154 1816 254 1876 qunrte
264 1811 374 1878 vigilia,
403 1812 590 1878 compluribus
601 1813 691 1880 portis
704 1811 834 1874 eductas,
859 1809 957 1860 eudem

154 1881 256 1932 itinere
267 1882 427 1948 praemisit3
448 1895 588 1949 parvoque
599 1883 688 1948 spatio
698 1881 870 1941 intermisso,
889 1883 960 1930 utet
1049 1911 1053 1922 ·

155 1948 277 2000 militare
292 1950 451 2002 institutum
466 1955 642 2014 servaretur,
673 1956 702 2002 et
722 1964 802 2016 quam
818 1949 960 2001 serissime

155 2019 215 2070 eius
227 2018 364 2084 profectio
375 2026 598 2088 cognosceretur,
614 2021 781 2072 conclamari
792 2019 889 2082 iussit3
905 2023 960 2069 stn-

154 2089 259 2156 timque
281 2104 412 2157 egressus
433 2096 462 2142 et
477 2091 657 2142 novissimum
678 2105 777 2158 agmen
793 2092 960 2141 consecutus

155 2158 286 2211 celeriter
301 2174 335 2212 ex
350 2165 499 2227 conspectu
518 2165 674 2212 castrorum
690 2159 834 2212 discessit?
862 2158 959 2225 Neque

153 2243 220 2282 reru
231 2229 394 2298 Pompeius,
414 2232 525 2298 cognito
536 2230 653 2282 consilio
665 2231 737 2294 cius,
754 2243 861 2280 moram
872 2226 959 2278 ullum

155 2298 191 2350 ed
203 2299 404 2368 insequendum
415 2301 522 2352 intulit:
545 2301 595 2353 sed
607 2299 705 2353 eadem
716 2305 859 2369 spectans,
880 2296 960 2348 clitis

153 2383 223 2422 uere
238 2370 386 2437 impeditos
403 2375 432 2423 et
447 2373 610 2438 perterritos
631 2370 841 2437 deprehendere
855 2372 960 2436 posset,

157 2441 313 2492 exercitum
331 2455 347 2491 e
363 2442 464 2493 <nstris
481 2441 578 2492 eduxit
594 2443 804 2509 equitatumque
814 2437 959 2506 praemisit

91 2541 96 2552 x
156 2507 192 2558 ad
203 2509 385 2562 novissimum
396 2525 496 2578 agmen
512 2510 727 2575 demorandum
759 2523 849 2577 neque
860 2517 958 2559 sunsei

154 2578 313 2644 eripuerit,
334 2580 408 2647 quod
420 2579 536 2632 multum
548 2581 679 2648 expedito
690 2583 790 2632 itinere
801 2584 958 2630 antecesse-

154 2649 321 2700 satcenses.
357 2647 422 2711 Sed,
439 2665 522 2716 quum
532 2659 645 2702 rentum
657 2657 734 2702 esset
745 2651 779 2702 ad
790 2649 892 2700 liumcn
905 2645 963 2697 (ie-s

155 2727 261 2780 ²⁸¹⁸1¹¹¹¹s
275 2717 350 2784 quod
361 2719 429 2785 ripis
438 2720 659 2787 eratimpeditis,
674 2725 840 2774 consecutus
850 2716 963 2786 equits·-
