2168 3134
339 161 500 218 ‘Lim
534 164 618 217 Vlll.
832 167 884 222 223

76 267 165 321 Hunc
175 267 317 319 'Antonius
339 268 374 318 ad
394 266 757 336 persequendum'hostium
779 272 885 336 equitu-

77 342 141 387 tum
153 337 247 387 mittit.
265 338 426 390 Volusenus
438 344 532 388 nutem
542 337 577 387 ad
589 353 650 390 eom
661 340 802 400 virtutem,
814 353 886 406 qnae

76 405 230 472 singularis
241 407 269 457 in
282 421 315 458 eo
328 414 402 470 emt,
418 423 549 476 magnum
559 408 651 458 odium
659 403 779 458 'Commii
789 407 887 458 adiun-

76 476 180 543 gebst3
198 490 252 542 quo
264 477 395 528 libentius
412 477 439 526 id
455 476 574 536 faceret,
597 475 671 542 quod
686 477 885 542 imperabatur.

77 547 181 611 ltaque
201 545 344 611 dispositis
366 546 487 609 insidiis,
508 547 618 610 saepius
640 547 699 596 eius
715 545 824 612 equites
838 544 886 598 ad·

77 628 207 681 gressus,
222 616 343 684 seeundo
353 615 462 682 proelio
472 614 600 666 faciebat.
629 613 790 675 Norissime,
801 628 887 682 quum

77 681 276 735 vehementius
292 685 507 736 contenderetur
522 699 555 734 ao
568 683 727 737 Volusenus
742 685 827 749 ipsius
845 688 887 734 in·

78 752 247 819 tercipiendi
258 754 375 806 Commii
392 753 544 819 cupiditate
560 755 728 820 pertinacius
744 769 806 804 eum
824 768 887 804 eum

81 823 180 888 paneis
200 823 343 874 insecutus
359 829 444 886 esset,
464 822 512 873 ille
534 830 627 875 autem
648 821 715 890 fuga
729 821 888 874 vehementi

81 889 253 943 Volusenum
275 894 384 960 longius
405 891 594 959 produxisset3
628 900 743 960 repente
764 894 887 942 omnium

81 975 198 1011 suorum
209 961 322 1014 invocat
332 961 416 1014 fidem
429 968 512 1030 atque
523 964 669 1027 auxilium,
685 978 720 1013 ne
732 977 782 1012 sua
792 962 887 1012 vulne·

80 1045 124 1092 rs,
135 1031 252 1096 perfidia
263 1033 440 1099 interpositu,
452 1037 617 1099 paterentur
627 1033 728 1094 inulta3
744 1047 887 1083 converso·

81 1115 138 1168 qne
150 1115 235 1168 equo,
254 1117 284 1153 se
293 1117 311 1152 a
323 1104 422 1154 ceteris
436 1103 577 1152 incautius
591 1104 725 1168 permittit
739 1103 767 1153 in
779 1099 887 1168 praefe-

81 1175 168 1220 ctum.
204 1171 322 1222 Faciunt
337 1172 409 1223 idem
422 1186 518 1222 onmes
536 1173 595 1223 eius
611 1173 717 1240 equites
732 1183 888 1238 paucosque

82 1244 196 1290 nostros
216 1246 381 1292 convertunt
400 1247 483 1308 atque
508 1243 702 1308 insequuntur.
748 1241 888 1290 Commius

81 1311 226 1361 incensum
249 1311 400 1362 calcaribus
422 1327 521 1377 equum
542 1312 632 1377 iungit
653 1325 723 1376 equo
743 1310 888 1370 Quadrati,

82 1379 236 1447 lanceaque
258 1379 362 1431 infesta
379 1381 499 1432 medinm
517 1379 608 1431 femur
623 1381 684 1431 eius
700 1381 808 1446 rrrugnis
824 1381 888 1430 riri-

83 1449 136 1500 bus
152 1451 298 1500 transiieit.
334 1449 484 1502 Praefecto
505 1449 666 1517 vulnerato,
688 1463 742 1498 non
759 1448 889 1499 dubitant

83 1521 176 1570 nostri
188 1520 323 1572 resistere
338 1525 367 1570 et
380 1521 505 1571 conversi
527 1518 633 1570 hostem
655 1519 778 1585 pellere.¹
807 1518 889 1580 Quod

84 1588 133 1638 ubi
153 1590 260 1651 accidit,
282 1589 438 1655 corriplures
455 1588 591 1650 hostium,
612 1604 712 1655 magno
729 1595 888 1640 nostrorum

84 1659 189 1725 impetu
204 1660 339 1726 perculsi,
357 1660 538 1710 vulnerantur
550 1661 691 1726 etportim
707 1660 735 1707 in
750 1656 816 1726 fuga
826 1671 888 1726 pro·

85 1733 230 1793 teruntur,
251 1729 352 1796 partim
373 1730 596 1795 intercipiuntur.
633 1727 713 1788 Quod
725 1729 771 1779 ubi
783 1727 889 1780 malum

85 1797 141 1850 dux
151 1801 214 1867 equi
224 1800 372 1851 velocitate
382 1801 502 1861 evitavit,
511 1799 632 1868 graviter
641 1797 802 1850 vnlneratus
812 1812 889 1866 proe-

85 1865 186 1931 feotus‚
207 1875 239 1920 ut
248 1870 320 1921 vitae
331 1869 485 1934 periculum
496 1869 622 1920 aditurus
631 1867 782 1932 rideretur,
803 1869 889 1922 refer-

85 1939 170 1990 turin
181 1945 282 1990 eastra.
318 1939 456 1990 Commius
467 1945 574 2002 sutem,
592 1940 649 1991 sire
661 1938 770 2005 expiato
780 1953 831 1990 sno
842 1940 889 1991 do-

84 2007 153 2070 lore,
164 2010 222 2060 sive
232 2024 332 2076 magna
342 2017 420 2078 porte
431 2009 531 2060 amissa
542 2024 662 2069 suorum,
674 2009 781 2076 legatos
792 2011 828 2062 ad
836 2013 890 2061 An·

85 2081 192 2129 toninm
201 2081 296 2142 mittit,
315 2094 399 2147 seque
411 2086 438 2130 et
447 2080 484 2129 ibi
497 2078 631 2138 futurum,
650 2079 697 2128 ubi
708 2082 888 2146 praescripse-

85 2149 133 2210 rit,
149 2153 177 2200 et
187 2148 378 2210 selectorum,
399 2164 469 2217 quoe
485 2150 638 2214 imperarit,
660 2148 800 2199 obsidibus
815 2150 888 2200 datis

86 2219 186 2270 firmat.
221 2219 311 2282 Unum
322 2217 392 2269 illud
404 2222 481 2280 orat,
501 2223 534 2280 ut
543 2219 637 2268 timori
650 2231 699 2268 suo
712 2219 889 2283 concedatur,

87 2303 121 2340 ne
132 2289 161 2338 in
173 2294 350 2356 conspectum
361 2289 454 2339 reniet
465 2288 626 2353 cuiusquam
639 2286 765 2338 Romani.
799 2290 889 2351 Quum

86 2357 300 2426 postulationem
312 2359 447 2409 Antonius
459 2371 541 2424 quum
560 2356 696 2406 iudicaret
711 2357 745 2407 ab
757 2357 830 2408 iusto
842 2373 889 2410 na·

87 2429 126 2480 sci
136 2430 247 2492 timore,
257 2430 363 2482 veniam
375 2429 481 2494 petenti
493 2425 583 2490 dodit3
601 2423 712 2476 obsides
723 2427 839 2494 occepit.

383 2552 589 2572 m

147 2633 223 2697 Scio,
244 2636 390 2687 Caesarem
416 2633 587 2702 singulorum
608 2647 743 2685 annorum
765 2633 890 2700 singulos

86 2705 296 2760 commentarios
319 2706 483 2758 confecisse:
502 2705 576 2774 quod
593 2719 717 2774 egonon
736 2703 889 2757 existimari
