2134 3148
186 191 239 249 tsi
334 241 338 248 ,
463 191 708 246 DEBELLO

187 295 351 348 verisimilia
372 297 574 362 proponebant.
609 295 718 360 Quibus
740 297 824 350 rebus
846 297 994 361 adductos,
1049 355 1050 370 ,

187 382 258 435 quos
270 366 378 434 legatos
389 372 455 418 ante
466 367 603 419 exercitui
620 366 810 433 praefecerat,
830 367 863 430 Q.
875 368 993 420 Pedium

187 443 217 488 et
228 436 260 498 Q.
271 436 387 488 Fabium
399 436 561 500 Maximum,
576 437 609 489 de
619 452 671 489 suo
682 435 804 488 adventu
815 438 882 490 facit
891 440 992 490 certio-

186 521 242 568 res,
252 511 298 568 ut,
318 522 399 573 quem
411 507 464 558 sibi
476 509 630 573 equitatum
645 521 681 558 ex
692 509 836 572 provincia
845 507 992 569 fecissent,

186 575 327 643 praesidio
348 578 500 627 mitterent.
535 577 577 628 lld
598 575 812 643 quoscelerius,
832 591 914 644 quam
936 578 992 642 ipsi

185 646 292 712 opinati
302 652 375 708 sunt,
395 645 638 714 adpropinquavit,
658 660 758 715 neque,
780 646 992 714 utipsevoluit,

186 717 342 784 equitatum
354 716 407 766 sibi
419 716 561 782 praesidio
573 715 677 770 babuit.

238 785 285 836 lll.
304 785 372 836 Erat
390 785 465 837 idem
485 787 621 854 temporis
643 786 707 838 Sex.
722 785 872 854 Pompeius
893 783 994 848 frater,

185 857 304 924 quicum
316 856 456 920 praesidio
467 855 623 908 Cordubam
636 856 761 918 tenebat,
769 857 846 926 quod
856 855 918 908 eius
930 870 994 921 pro·

184 926 293 976 vinciae
314 931 396 990 capnt
415 940 479 978 esse
498 927 721 978 existimabatur:
745 927 803 992 ipse
825 931 919 976 autem
944 925 993 975 Cn.

185 993 335 1060 Pompeius
357 994 521 1046 adolescens
540 997 629 1048 Uliam
651 995 783 1063 oppidum
803 995 994 1062 oppugnabat,

185 1070 214 1118 et
224 1063 285 1116 fere
297 1065 351 1113 iem
367 1064 475 1132 aliquot
489 1067 632 1118 mensibus
646 1066 687 1116 ibi
702 1065 889 1119 detinebatur.
927 1065 991 1128 Quo

185 1149 222 1186 ex
238 1133 355 1200 oppido,
373 1135 490 1202 cognito
503 1135 631 1188 Caesaris
642 1135 776 1199 adventu,
798 1134 896 1202 legati,
916 1134 992 1186 elam

183 1203 325 1272 praesidia
335 1205 385 1254 Cn.
396 1203 531 1271 Pompeii,
543 1206 692 1258 Caesarem
702 1221 786 1273 quum
796 1206 935 1267 adissent,
944 1219 992 1270 pe·

184 1281 247 1326 tere
258 1280 425 1340 coeperunt,
445 1276 488 1326 uti
499 1275 553 1326 sibi
565 1277 653 1342 primo
664 1289 775 1343 quoque
787 1280 911 1340 tempore
925 1274 991 1326 sub-

183 1344 285 1398 sidium
295 1345 429 1394 mitteret.
465 1344 633 1396 Caesaream
644 1347 785 1397 civitatem
796 1345 871 1396 omni
883 1351 991 1411 tempo-

182 1428 215 1466 re
232 1414 335 1480 optime
351 1412 385 1464 de
400 1413 504 1480 populo
519 1415 646 1466 Romano
661 1419 788 1466 meritam
805 1429 866 1466 esse
887 1415 995 1476 sciens,

183 1484 313 1535 celeriter
322 1499 373 1534 sex
385 1483 642 1536 coiiortesseennda
650 1485 829 1552 vigiliaiubet
838 1481 995 1550 molinaei,

181 1553 299 1621 parique
312 1555 421 1621 equites
433 1569 563 1607 numero:
583 1554 683 1622 quibus
699 1553 834 1620 praefecit
845 1551 992 1604 honrinem

184 1625 244 1674 eius
260 1625 420 1689 provinciae
437 1630 547 1686 notum,
569 1629 598 1676 et
608 1639 663 1674 non
673 1638 772 1690 parum
783 1625 935 1685 scientem,
955 1622 993 1674 1..

181 1691 292 1743 lunium
302 1691 474 1744 Paciaeeum.
504 1693 564 1757 ,Qui
576 1708 659 1762 quum
669 1694 705 1744 ad
716 1694 765 1744 Cn.
771 1692 900 1759 Pompeii
908 1707 992 1758 prae-

183 1760 399 1824 sidiavenisset;
417 1763 516 1815 incidit
526 1763 600 1815 idem
612 1765 755 1830 temporis,
775 1768 808 1813 ut
817 1767 991 1828 tempestate

182 1831 300 1890 adversa
324 1829 537 1899 vehementique
563 1840 646 1884 vento
667 1832 858 1884 adflictaretur
879 1831 994 1882 aditiiss

183 1915 263 1968 quem
280 1899 323 1950 vis
338 1905 514 1966 tempestatis
531 1904 572 1954 ita
585 1904 771 1965 obscurabat,
785 1908 820 1954 ut
835 1903 992 1969 sixproxi·

181 1985 259 2022 mum
278 1983 430 2036 agnoscere
445 1986 554 2037 posses.
589 1975 672 2024 (iuius
686 1971 892 2024 iiicomniodum
910 1985 992 2022 sum·

180 2055 256 2093 ruam
268 2039 419 2108 utilitatem
430 2041 497 2108 ipsis
508 2042 668 2108 praebebat.
704 2044 764 2105 lta,
780 2057 865 2111 quarn
874 2040 992 2094 adeum

180 2111 273 2164 lecum
285 2117 440 2175 venerunt,
456 2112 533 2164 iubet
543 2113 625 2164 binos
642 2115 748 2180 equites
759 2111 890 2164 incedere
901 2116 933 2163 et
945 2127 991 2164 re·

181 2187 228 2233 cta
241 2197 289 2248 per
300 2180 670 2250 adversariorumpraesidia
681 2182 717 2234 ad
729 2182 860 2251 oppidum
868 2187 992 2234 couten-

181 2249 262 2303 dere:
282 2251 437 2320 mediisque
453 2265 549 2306 eorum
570 2252 715 2318 praesidiis
736 2268 820 2320 quum
834 2265 992 2320 maerere·

180 2324 237 2384 tur,
256 2319 413 2388 quiessent;
431 2337 503 2373 uirus
519 2337 554 2374 ex
569 2323 673 2373 nostris
689 2322 845 2389 respondit:
864 2320 993 2374 ateihas

180 2390 410 2462 periurissimum
428 2407 490 2443 nans
501 2391 531 2443 id
535 2391 666 2458 'temperas
677 2389 818 2445 eonori'ad
825 2406 933 2443 murem
943 2407 996 2442 ec-

179 2459 281 2522 eedere,
303 2470 335 2513 et
354 2460 483 2527 oppidum<
499 2461 626 2529 capiente
643 2468 674 2514 et
691 2461 794 2528 partim
814 2463 989 2527 tempestate

180 2529 306 2591 impediti
317 2529 417 2597 vigiles
427 2545 483 2581 non
496 2536 629 2597 poterant
644 2530 819 2598 diligentiam
832 2536 991 2597 praestare,

179 2598 281 2659 partim
294 2597 344 2648 ille
358 2613 493 2664 responso
504 2599 731 2652 deterrebantur.
768 2600 858 2662 Quum
869 2599 905 2650 ad
921 2614 992 2665 por·
1049 2625 1050 2640 .

180 2671 237 2712 tam
260 2665 545 2735 adpropinquassent:
564 2668 646 2736 signo
661 2671 751 2733 dato,
780 2671 814 2722 ab
836 2667 989 2737 oppidanis

182 2733 246 2778 suist
261 2735 382 2798 recepti,
404 2741 433 2787 et
443 2736 557 2800 pedites
568 2739 747 2809 equitesque,
763 2739 885 2792 clamore
896 2737 978 2792 lactu
