2180 3140
394 127 605 218 nissum.
848 165 899 221 sor

92 268 255 332 titanorum,
276 268 455 320 restitissem
466 284 570 337 regn03
590 268 735 333 Sanctam,
747 271 807 321 eius
818 285 898 338 pruc-

91 337 207 401 fectum‚
226 353 287 390 cum
299 337 487 389 mediocribus
500 339 588 406 copiis
600 339 727 401 missum,
739 340 841 391 -Uticae
853 340 899 390 ad·

92 411 288 476 propinquare.
324 407 377 459 His
389 410 550 460 auctoribus
561 414 669 460 temere
682 409 812 472 credens,
835 423 898 460 con·

91 479 184 530 silium
197 482 394 541 commutatet
410 478 518 544 proelio
535 494 594 528 rem
607 479 784 530 committere
796 479 898 530 consti·

91 551 154 599 tuit.
191 548 312 598 Multum
323 546 359 597 ad
370 546 442 598 hanc
452 563 511 599 rem
524 547 696 614 probandam
707 548 820 600 adiuvat
830 549 895 600 ado·

92 619 236 679 icscentia,
269 617 432 684 magnitudo
453 619 552 679 animi,
588 619 742 684 superioris
762 621 898 687 temporis

92 694 254 756 proventus,
280 687 382 738 fiducia
400 689 444 738 rei
462 687 534 738 berre
553 687 703 755 gerendae.
741 687 795 738 His
814 689 899 739 rebus

94 758 239 823 impulsus,
259 757 416 823 equitatum
433 771 542 808 omnem
559 758 651 825 prima
667 763 748 809 nocte
760 757 794 808 ad
807 764 901 808 castra

94 826 216 877 hostium
230 827 323 888 mittit,
342 826 378 877 ad
390 825 494 878 flumen
506 827 675 894 Bagradam,
694 828 793 896 quibus
805 842 901 894 praeo-

95 901 139 947 rat
151 895 266 957 Sabura,
286 895 319 946 de
331 911 385 962 quo
398 903 462 948 antc
475 904 534 949 erat
546 897 681 948 auditum.
719 896 773 949 Sed
785 912 834 949 rex
846 913 889 948 om

95 965 177 1017 nibus
207 965 294 1030 copiis
310 967 511 1034 insequebatur
529 973 557 1018 et
575 982 626 1018 sex
645 968 749 1018 milium
769 982 902 1033 passuum

95 1035 241 1086 intervallo
254 1036 288 1086 ab
301 1034 407 1087 Sabura
423 1037 596 1088 consederat.
633 1037 748 1105 Equites
760 1037 840 1088 urissi
852 1052 900 1088 no-

95 1111 139 1156 cte
156 1107 209 1156 iter
224 1105 376 1157 conficiunt
389 1106 638 1174 imprudentesque
654 1113 737 1176 atquc
755 1107 901 1174 inopinan-

95 1181 139 1226 tes
162 1173 250 1227 hostis
272 1175 486 1243 adgrediuntur:
506 1176 643 1228 Numidae
665 1179 750 1239 enim,
780 1175 901 1244 quadam

95 1246 216 1297 barbara
228 1245 444 1308 consuetudine,
463 1246 548 1296 nullis
565 1246 710 1298 ordinibus
721 1247 826 1312 passim
839 1260 901 1297 con-

96 1316 236 1368 sederant.
273 1315 336 1366 Hos
348 1330 496 1381 oppressos
513 1330 613 1367 somno
626 1321 654 1367 et
666 1316 809 1383 dispersos
821 1315 901 1366 ador-

94 1386 118 1436 ti
129 1400 259 1452 magnum
271 1400 367 1438 eorum
380 1399 525 1436 numerum
536 1387 721 1448 interficiunt3
750 1385 828 1435 multi
840 1399 901 1450 pcr-

94 1457 188 1506 territi
208 1455 381 1522 profugiunt.
419 1454 480 1517 Quo
497 1454 580 1517 facto,
600 1454 803 1505 ad‘Curioncm
824 1455 902 1521 equi·

95 1531 139 1575 tes
149 1531 330 1576 revertuntur
341 1525 521 1590 captivosque
538 1524 573 1574 ad
585 1539 647 1575 cum
659 1524 804 1575 reducunt.

147 1594 274 1646 XXXIX.
293 1595 376 1652 Curio
388 1609 450 1645 oum
458 1594 680 1660 omnibuscopiis
691 1599 791 1662 quarta
803 1593 900 1661 vigilia

95 1665 217 1723 exierat,
246 1662 406 1715 cohortibus
422 1665 543 1731 quinque
560 1665 660 1715 castris
676 1663 818 1731 pracsidio
835 1663 899 1714 reli·

93 1734 156 1784 etis.
194 1733 368 1802 Progressus
383 1734 463 1784 milia
478 1749 610 1800 passuum
627 1748 693 1796 sex,
713 1733 822 1801 equites
834 1747 900 1784 conv

96 1805 178 1867 venit,
197 1820 255 1856 rem
278 1809 387 1870 gestam
410 1803 554 1872 cognorit3
584 1818 618 1855 cx
640 1803 756 1870 captivis
779 1803 899 1870 quaerit,

93 1874 155 1940 quis
168 1875 268 1926 castris
279 1873 315 1925 ad
325 1873 484 1942 Bagradam
495 1871 619 1940 praesit?
643 1873 828 1940 respondent,
852 1871 899 1924 Sa·

93 1942 199 1995 buram.
228 1943 345 2011 Reliqua
357 1944 572 1995 studio-itineris
584 1943 753 1995 conficiundi
764 1957 899 2012 quaerere

94 2015 299 2078 praetermittit,
318 2016 499 2082 proximaque
511 2015 666 2080 respiciens
678 2015 767 2080 signa,
784 2012 900 2064 Videtis-

93 2098 134 2144 ne,
156 2084 256 2150 inquit,
278 2083 385 2145 milites,
400 2082 726 2150 captivorumumtionem
736 2099 796 2134 eum
804 2081 900 2153 perfu-

91 2150 137 2217 gis
147 2152 306 2205 convenire?
323 2152 526 2216 abscesseram,
547 2154 662 2223 exiguus
673 2168 727 2204 erre
737 2151 829 2218 copias
838 2152 899 2201 mir-

93 2235 146 2282 ans,
166 2236 234 2286 quae
245 2219 342 2288 punem
360 2222 495 2286 equitibus
507 2238 590 2288 parer
607 2237 661 2275 esre
672 2238 724 2273 nco
732 2221 900 2288 potuerunt!

94 2289 215 2342 Proinde
225 2290 404 2356 adpraedam,
416 2291 453 2343 ud
459 2290 580 2359 glorium
589 2299 743 2358 properate,
762 2299 795 2341 ut.
803 2289 859 2342 ium
868 2289 899 2341 de

92 2357 222 2428 prueuu'ir
233 2358 329 2410 cestrie
346 2366 373 2410 et
389 2359 420 2411 de
430 2359 574 2431 reserenda
588 2359 683 2429 gratia
698 2359 822 2429 cogitare
831 2357 899 2410 inci-

92 2429 212 2496 ριάνηιιε.Ι
241 2431 331 2480 Erant
341 2443 392 2495 per
404 2445 434 2482 se
451 2443 566 2496 magna,
586 2443 656 2497 quae
667 2434 812 2497 gesserant
824 2429 898 2496 equi-

93 2507 145 2563 tes,
164 2499 331 2566 praesertim
343 2514 426 2566 quum
443 2514 539 2551 eorum
557 2502 675 2567 exiguus
691 2514 823 2550 numerus
835 2513 896 2548 cum

92 2575 173 2620 tanta
201 2568 382 2620 multitudine
401 2568 586 2621 Numidarum
608 2567 799 2633 conferretur3
828 2567 898 2619 baec

93 2645 187 2691 tamen
203 2640 237 2689 ub
254 2639 319 2705 ipsis
341 2637 466 2691 inflatius
487 2641 790 2703 commemorabantur,
810 2643 842 2689 ut
863 2637 897 2690 de

93 2712 151 2763 suis
162 2699 288 2764 homines
309 2708 437 2764 laudibus
457 2711 579 2766 libenter
599 2709 770 2781 praedicant.
806 2705 896 2764 Multa
