2168 3134
186 134 238 187 218
368 133 424 210 Dii
445 131 799 202 Bunuovaltlrhlco

186 235 350 304 ministrari.
374 236 568 290 Veniteodem
579 250 644 300 cunr
652 237 709 288 suis
719 236 806 302 copiis
816 239 931 302 postero
942 235 995 290 die
1068 236 1071 251 ¹

187 309 216 358 C.
228 308 332 358 Fabius
343 312 505 375 partemque
516 307 611 374 oppidi
621 307 707 358 sumit
716 307 751 357 ad
762 304 955 357 obsidendum.

239 377 393 430 XXXVlll.
415 380 519 428 Caesar
529 379 642 428 interim
655 377 850 427 M.Antonium
860 383 996 443 quaesto·

187 460 246 502 rem
258 463 321 498 cum
336 446 496 498 cohortibus
513 447 566 507 XV
581 449 609 496 in
625 446 783 497 Bellovacis
800 445 924 513 reliquit,
956 461 996 496 ne

187 532 241 586 qua
253 533 350 568 rursus
362 533 495 569 novorum
513 517 694 568 consiliorum
711 515 746 566 ad
758 516 923 581 capiendum
933 514 995 568 bel-

186 587 244 639 lum
267 586 387 638 facultas
406 587 531 638 daretur:
562 589 621 654 ipse
633 586 757 654 reliquas
779 586 906 636 civitates
922 585 994 647 adit,

188 657 300 710 obsides
321 658 415 723 plures
431 659 563 724 imperat,
594 659 725 722 timentes
741 656 864 706 onmium
883 656 993 705 animos
1056 690 1061 704 .

190 726 380 778 consolatione
403 733 493 778 sanat.
540 728 632 789 Quum
651 727 681 776 in
704 727 839 776 Carnutes
859 725 992 788 venisset,
1062 723 1065 730 '

189 812 308 864 quorum
327 798 442 847 consilio
460 798 488 846 in
505 797 616 847 civitate
631 795 774 862 superiore
791 795 991 846 commentaria
1076 797 1077 812 ¹

191 869 292 916 Caesar
303 867 433 932 exposuit
443 866 554 917 initium
566 865 633 917 belli
646 880 707 916 esse
718 870 819 926 ortum,
831 864 904 932 quod
914 879 993 930 prae

189 938 268 1004 cipue
281 951 329 986 eos
341 943 456 1002 propter
467 936 665 986 conscientiam
677 935 747 986 facti
758 937 858 986 timere
870 936 993 985 animum

189 1005 367 1067 advertebat,
401 1021 456 1072 quo
469 1003 589 1056 celerius
600 1007 741 1057 civitatem
758 1012 833 1056 metu
845 1004 993 1066 liberaret,

190 1074 340 1140 principem
351 1075 466 1126 sceleris
476 1074 552 1124 illius
569 1083 598 1126 et
609 1076 811 1128 concitatorem
827 1075 911 1136 belli,
938 1073 994 1124 Gu-

190 1150 331 1208 troatum,
350 1144 384 1196 ad
395 1145 561 1211 supplicium
573 1144 709 1212 deposcit:
732 1147 778 1212 qui
785 1181 793 1208 ,
802 1191 804 1196 .
814 1146 866 1196 etsi
877 1160 911 1196 ne
923 1143 993 1195 civi·

191 1214 242 1266 bus
259 1214 372 1280 quidem
388 1215 446 1266 suis
462 1230 492 1266 se
509 1215 717 1277 committebat,
747 1221 842 1266 tamen
853 1213 994 1276 celeriter,
1020 1209 1026 1218 '

191 1285 313 1334 onndum
324 1299 392 1336 cura
401 1286 556 1353 quaesitu,
587 1287 616 1335 in
632 1291 725 1336 castra
735 1285 906 1350 perducitur.
943 1284 995 1334 Co·

191 1355 269 1424 gitur
279 1355 307 1408 io
319 1357 378 1405 ciris
389 1355 553 1422 supplicium
562 1357 995 1415 Caesarcontraoaturamsuam,

191 1426 312 1476 maximo
324 1425 446 1476 militum
458 1441 608 1488 concursu,
624 1427 679 1492 ‘qui
692 1429 717 1476 ei
730 1425 823 1476 omnia
832 1423 956 1492 pericula
965 1428 996 1474 et

192 1495 363 1547 detrimenta
374 1495 457 1557 belli,
484 1511 502 1546 a
512 1495 652 1548 Gutruato
664 1501 791 1562 accepta,
820 1493 995 1555 referebant,

192 1565 265 1616 adeo
281 1571 313 1615 nt
328 1565 490 1618 verberibus
507 1567 698 1618 exanimatum
715 1580 814 1632 corpus
826 1565 918 1617 securi
930 1563 996 1616 leri—

193 1641 280 1688 retur.

245 1703 371 1755 XXXIX.
392 1704 433 1755 lbi
455 1703 560 1756 crebris
582 1704 687 1756 litteris
708 1704 816 1755 Caninii
835 1699 868 1753 srt
883 1706 997 1766 certior,

193 1787 264 1840 quae
277 1771 311 1824 dc'
323 1773 465 1839 Drappete
477 1779 506 1824 et
516 1773 648 1825 Lucterio
664 1781 745 1841 gesta
755 1779 863 1834 essent,
885 1786 996 1839 qnoque

191 1844 219 1893 in
233 1841 349 1892 consilio
360 1849 557 1908 permanerent
569 1842 707 1909 oppidani.
728 1842 851 1903 Quorum
865 1843 917 1892 etsi
929 1855 996 1906 pau-

191 1911 308 1962 citatem
336 1912 542 1974 contemnebat,
574 1918 667 1964 tamen
691 1912 875 1978 pertinaciam
895 1926 998 1978 magna

192 1995 284 2048 poena
295 1995 358 2032 esse
370 1979 553 2032 adficiendam
565 1982 718 2042 iudicabam
746 1997 779 2032 ne
790 1982 922 2032 universa
932 1981 997 2032 Gal·

191 2051 239 2111 lia,
251 2065 307 2101 oon
318 2049 443 2102 defuisse
453 2051 528 2102 sires
539 2051 593 2102 sibi
605 2050 640 2102 ad
652 2051 841 2102 resistendum
853 2051 997 2113 Romanis,

189 2120 242 2174 sed
253 2121 454 2182 constentiam,
483 2127 610 2188 putaret3
637 2136 707 2172 neve
718 2119 772 2172 boc
783 2120 910 2188 exemplo
922 2127 995 2172 cete·
1016 2134 1021 2142 ’

192 2207 241 2244 rac
253 2191 392 2253 civitates,
413 2192 537 2250 locorum
549 2192 761 2259 opportunitate
774 2191 874 2253 fretae,
896 2206 927 2241 sc
938 2191 996 2254 vin-

192 2261 320 2313 dicarent
330 2263 359 2311 in
370 2261 545 2313 libertatem:
563 2277 646 2329 quum
658 2255 785 2313 omnibus
798 2261 887 2312 Gallis
899 2265 995 2312 notum

192 2335 292 2394 sciret,
312 2331 448 2399 reliquam
469 2347 532 2383 esse
551 2347 635 2383 unam
652 2337 789 2384 aestatem
805 2347 872 2382 suae
887 2331 997 2396 provin·
1069 2375 1072 2380 .

192 2404 266 2465 ciue3
283 2401 400 2470 quamsi
412 2402 553 2454 sustinere
565 2403 734 2468 potuissent,
750 2401 855 2452 nullum
865 2400 942 2451 ultra
952 2414 997 2467 pe-

192 2472 311 2524 riculum
331 2469 506 2522 vererentur.
544 2471 643 2538 ltaque
665 2473 697 2534 Q.
718 2472 851 2524 Calenum
872 2469 996 2537 legatum

192 2556 253 2592 cum
266 2540 423 2608 legionibus
435 2541 543 2592 duabus
556 2542 705 2607 relinquit,
736 2542 783 2609 qui
793 2541 876 2591 iustis
887 2540 997 2592 itineri·
1076 2585 1077 2598 ,

191 2609 243 2660 bus
254 2627 284 2661 se
295 2611 526 2676 subsequeretur:
539 2613 597 2678 ipsc
609 2627 671 2662 cum
683 2611 901 2678 omniequitatu,
913 2625 996 2678 quam

192 2687 285 2742 potest
296 2679 453 2742 celerrime,
474 2681 511 2731 ad
522 2681 666 2731 Caninium
678 2679 830 2732 contendit.
