2134 3148
343 143 609 196 trisicalio..
824 143 875 196 463

75 247 234 314 exsingulis
251 247 407 314 legionibus
417 247 539 298 tricenos
555 247 658 297 milites
674 261 735 298 csso
745 247 875 298 iusserat.

74 319 170 385 ltaque
182 313 243 378 eos,
264 318 293 366 in
309 317 463 386 equitatum
477 316 591 370 Labieni
607 317 757 379 immissos,
778 316 876 366 turmis

73 403 187 438 suorum
197 387 340 453 suppetias
351 387 445 436 mittit.
482 385 555 437 Tum
565 385 715 448 Labienus,
735 387 876 437 conversis

76 458 168 526 equis,
200 458 343 524 signorum
354 457 502 522 conspectu
514 458 692 523 perterritus,
717 458 877 522 turpissime

76 525 219 579 contendit
229 525 342 594 fugere,
367 523 462 577 multis
474 527 534 578 eius
546 527 659 589 occisis,
688 525 877 592 compluribus

74 593 239 649 vulneratis.
267 597 374 648 Milites
386 587 581 664 legionarisad
591 611 642 646 sua
653 611 683 647 se
694 597 830 660 recipiunt
842 597 877 644 si-

74 682 129 734 gna
151 673 234 734 atque
254 669 309 724 iter
323 668 462 732 inceptum
482 668 524 718 ire
539 672 698 732 coeperunt.
721 663 876 716 'Labienus

74 753 124 803 per
139 738 235 803 iugum
250 752 387 797 summunt
404 737 482 788 collis
498 737 659 792 dextrorsus
674 736 771 808 procul
784 727 877 787 'subse-

74 808 122 878 qui
132 805 185 858 non
198 805 319 857 desistit.

12 895 13 900 ¹
72 931 75 936 ,
125 875 253 928 LXXVI.
272 875 420 944 Postquam
428 877 529 928 Caesar
541 875 575 927 ad
584 875 717 942 oppidum
729 875 875 928 Sassuram

11 967 13 972 a
74 947 159 1008 renit,
170 947 390 1012 inspectantibus
401 947 565 998 adversariis
578 945 724 997 interfecto
737 943 876 1012 pracsidio

11 1029 13 1076 ε
74 1015 224 1081 Scipionis,
255 1032 338 1084 quum
354 1019 411 1066 suis
427 1017 561 1068 auxilium
579 1015 653 1068 ferre
666 1031 719 1066 non
731 1015 876 1078 auderent,

11 1082 17 1146 j‘
73 1086 140 1136 l'orti
146 1091 187 1136 ter
201 1093 376 1152 repugnante
392 1085 421 1137 P.
433 1087 574 1148 Cornelio,
605 1093 718 1138 evocato
730 1084 876 1152 Scipionis,

74 1156 120 1222 qui
136 1155 174 1205 ibi
191 1163 333 1221 praeerat,
363 1162 446 1223 atque
461 1170 478 1205 a
494 1156 671 1214 multitudine
688 1159 876 1206 circumvento

72 1222 293 1291 interfectoque,
325 1225 426 1293 oppido
438 1228 558 1294 potitur3
590 1222 672 1293 atque
685 1225 722 1276 ibi
736 1225 875 1274 frumento

75 1294 209 1346 exercitui
222 1294 296 1357 dato,
308 1302 421 1362 postero
433 1297 476 1348 die
487 1296 522 1346 ad
534 1296 667 1364 oppidum
678 1294 803 1346 Tisdram
817 1289 877 1359 per·

72 1365 164 1425 venit,
193 1364 221 1412 in
239 1379 293 1430 quo
311 1364 456 1415 Considius
473 1380 522 1431 per
537 1365 565 1416 id
580 1371 690 1432 tempus
706 1363 800 1414 fuerat
815 1359 876 1413 eum

74 1431 174 1501 grandi
187 1434 323 1498 praesidio
336 1433 506 1502 cohorteque
517 1435 568 1484 sua
579 1431 774 1500 gladiatorum.
812 1433 878 1506 Cac-

73 1519 131 1566 sar,
151 1502 246 1568 oppidi
257 1509 359 1554 natura
370 1510 526 1572 perspecta,
548 1509 631 1570 atque
642 1499 736 1569 inopia
747 1503 781 1552 ab
793 1516 877 1568 oppu-

73 1573 205 1641 gnatione
217 1573 276 1623 eius
287 1574 461 1636 deterritus,
476 1574 601 1640 protinus
613 1573 755 1639 profectus
766 1571 878 1622 circiter

11 1643 12 1654 ¹
73 1643 151 1693 nrilia
163 1645 293 1708 passuum
304 1650 425 1711 quatuor
436 1643 471 1694 ad
483 1659 582 1711 aquam
593 1641 661 1694 lacit
673 1650 773 1705 castra,
794 1646 879 1708 atque

73 1711 249 1778 iude'quarto
262 1713 306 1764 die
317 1708 462 1780 egressus,
490 1713 564 1764 redit
580 1709 721 1764 rursusad
732 1727 765 1763 ea
776 1719 878 1774 castra,

74 1796 145 1850 quae
156 1780 191 1831 ad
200 1785 275 1848 Agar
287 1781 432 1837 habuerat.
468 1783 543 1849 ldem
555 1781 622 1834 facit
633 1781 734 1849 Scipio,
754 1787 838 1848 atque
849 1782 878 1831 in

74 1852 190 1918 antiqua
201 1859 293 1903 castra
304 1854 398 1920 copias
409 1853 524 1906 reducit.

126 1917 267 1972 LXXVII.
285 1921 483 1976 Thebenenses
495 1924 619 1985 interim,
650 1923 696 1990 qui
708 1921 759 1974 sub
771 1921 877 1972 ditione

74 1995 104 2042 et
114 1997 251 2056 potestate
263 1994 348 2045 lubae
359 2010 420 2046 esse
431 2000 622 2056 consuessent,
638 1994 667 2042 in
679 1998 806 2044 extrema
817 1990 877 2041 eius

74 2063 155 2126 regni
168 2061 283 2128 regione
295 2064 435 2114 maritima
446 2064 540 2125 locati,
552 2063 702 2114 interfecto
712 2062 877 2128 regioprae·

65 2131 156 2192 sidio,
167 2131 275 2198 legatos
286 2132 321 2200 ad
334 2125 479 2186 Caesarem
493 2134 620 2196 mittunt,
633 2149 690 2184 rem
701 2148 719 2182 a
729 2147 760 2182 se
771 2134 878 2197 gestam

74 2199 191 2264 docent3
220 2202 319 2267 petunt
335 2209 483 2270 orantque,
512 2211 543 2254 ut
557 2201 613 2253 satis
622 2199 749 2274 fortunis
762 2199 878 2267 populus

75 2267 225 2332 Romanus,
256 2271 326 2338 quod
334 2271 397 2324 berte
407 2271 499 2324 trteriti
508 2281 607 2334 essent,
636 2269 770 2322 auxilium
774 2269 877 2341 ferret.

74 2341 191 2401 Caesar,
213 2355 308 2391 eorum
321 2342 437 2393 consilio
447 2339 581 2410 probato,
603 2342 737 2392 Marcium
751 2340 877 2406 Crispum

73 2409 216 2460 tribunum
233 2425 294 2460 cum
316 2409 475 2464 cohortibus
492 2412 581 2463 tribus
599 2419 628 2463 et
649 2409 802 2478 sagittariis
823 2417 878 2462 tor·

74 2479 231 2546 mentisque
248 2481 435 2546 compluribus
451 2481 592 2548 praesidio
604 2479 766 2532 Thabenam
783 2479 877 2540 mittit.

75 2548 180 2601 Eodem
196 2555 321 2616 tempore
337 2567 371 2602 ex
382 2552 538 2619 legionibus
555 2551 682 2603 omnibus
693 2549 810 2611 milites,
831 2547 879 2616 qd'r

73 2624 124 2669 aut
134 2619 231 2670 morbo
242 2620 378 2686 impediti,
392 2626 448 2680 aut,
463 2627 619 2673 commeatu
632 2617 706 2683 dato,
719 2635 779 2671 cum
792 2619 878 2686 signis

76 2703 129 2741 non
142 2695 290 2755 potuerant
302 2696 367 2742 ante
379 2693 498 2743 transire
510 2693 537 2742 in
550 2691 679 2753 Africam,
696 2690 730 2742 ad
739 2689 819 2770 ⁴suilla
830 2683 876 2740 tv.
