2150 3124
399 203 548 258 LIBER
581 207 603 260 1.
874 207 905 262 il

93 313 214 380 propter
226 307 343 378 frigora,
354 309 533 379 unodGnllio
543 311 593 363 sub
604 311 863 380 septemtrionibus,
874 320 906 366 ut

93 381 278 436 antedictum
295 386 353 443 est,
373 381 465 447 posita
478 387 533 442 est,
553 397 609 433 non
624 377 706 434 modo
723 382 904 436 frumentale

93 453 170 520 agris
181 457 292 500 oratura
302 456 463 514 nouerant,
479 451 534 502 sed
549 460 583 503 ne
599 451 693 518 pabuli
710 453 819 520 quidem
836 456 904 504 sutis

94 535 198 588 magon
210 522 289 585 copis
299 520 478 586 suppetebat:
500 535 533 572 eo
548 526 640 583 autern
657 521 810 583 frumento,
831 523 905 590 quud

94 591 211 642 flumine
222 591 301 640 Arari
313 589 428 640 novibus
437 589 617 653 subvexerat,
637 596 787 657 propterea
800 595 841 642 uti
857 595 904 643 ml·

96 675 149 710 nus
160 665 285 726 poterat,
306 658 378 727 quo'd
394 659 449 710 iter
463 659 497 710 ab
508 661 591 710 Arari
602 661 724 712 Helvetii
735 666 904 726 averterant,

93 735 112 781 s
123 730 226 798 quibus
237 728 380 780 discedere
391 729 512 780 nolebat.
549 729 630 780 Diem
642 745 676 781 ex
688 730 731 800 die
742 730 842 782 ducere
853 735 904 784 Ae-

95 801 160 862 duis
190 797 326 860 conferri,
346 801 532 864 comportari,
551 799 651 851 edesse
667 799 767 852 dicere.
802 801 854 853 Ubi
874 815 904 852 se

95 869 204 921 diutius
214 867 278 918 duci
294 867 434 919 intellexit
449 874 477 919 et
491 869 563 920 diem
579 870 699 933 instare,
720 884 774 938 quo
789 870 834 921 die
849 870 905 921 sru-

94 943 220 991 mentum
232 938 365 988 militibus
376 938 468 988 metiri
479 943 632 1004 oporteret:
644 941 904 996 convocetiseorum

95 1008 280 1077 principibus,
301 1017 417 1074 quorum
433 1021 560 1076 magnam
576 1009 684 1076 copiam
699 1011 727 1060 in
742 1011 841 1060 castris
856 1007 906 1062 ha·

93 1080 193 1140 b'ebat,
204 1079 232 1127 in
244 1076 286 1127 bis
296 1077 434 1128 Divitiaoo
445 1082 474 1129 et
483 1077 574 1139 Lisco,
586 1080 630 1146 qui
641 1094 748 1130 summo
759 1081 904 1146 magistro·

95 1155 127 1200 tu
138 1154 267 1215 praeerat
277 1149 372 1214 (quern
382 1147 587 1214 vergobretum
597 1147 738 1216 adpellant
748 1149 845 1212 Aedui,
856 1151 903 1217 qui

95 1223 209 1270 creatur
218 1227 326 1268 annuus
337 1221 366 1268 et
372 1217 447 1267 vitae
458 1219 588 1285 necisque
602 1218 631 1268 in
646 1233 711 1270 suos
726 1217 811 1271 habet
827 1225 903 1286 pots-

46 1279 57 1342 ,’
94 1289 219 1349 statem)
231 1287 354 1354 graviter
364 1299 411 1338 eos
422 1293 542 1348 accusat,
553 1288 636 1355 quod,
647 1300 729 1356 quum
740 1303 829 1356 neque
839 1290 903 1351 emi,

95 1371 187 1426 neque
198 1368 232 1407 ex
243 1358 317 1423 agris
327 1357 398 1406 sumi
410 1361 515 1421 posset,
531 1362 587 1407 turn
599 1359 755 1410 necessario
766 1364 903 1424 ternpore,

95 1434 153 1480 tum
165 1427 326 1494 propinquis
335 1423 469 1488 hostibus,
481 1427 515 1476 ob
526 1427 560 1476 iis
571 1441 625 1477 non
637 1427 809 1479 sublevetur:
825 1441 904 1494 proe-

95 1499 194 1550 sertim
211 1509 295 1563 quum
310 1507 411 1561 magna
426 1509 460 1546 ex
476 1500 554 1561 parte
570 1511 665 1547 eorum
680 1497 808 1562 precibus
819 1497 904 1548 addo·

94 1574 158 1620 ctus
170 1565 272 1617 bellum
283 1565 446 1630 susceperit,
456 1565 545 1616 multo
557 1567 639 1618 etiam
650 1566 771 1634 gravius,
781 1565 856 1633 quod
866 1567 904 1618 sit

94 1635 407 1702 destitutus,·queritur.
767 1659 769 1662 -
822 1699 823 1702 ¹

148 1704 237 1758 xvrl.
273 1706 345 1755 'rum
366 1703 476 1756 demum
496 1703 607 1768 Liscum,
631 1705 757 1756 oratione
777 1703 903 1756 Caesaris

94 1776 246 1837 adductus,
262 1773 337 1842 quod
348 1769 431 1826 antea
439 1778 579 1836 tacuerat,
589 1776 732 1841 proponit:
760 1771 902 1828 Essenos:-

94 1847 199 1910 nullos,
220 1858 334 1910 quorum
344 1841 498 1896 auctoritas
508 1845 581 1911 upud
585 1843 689 1912 plebem
694 1844 844 1911 plurimum
856 1859 902 1898 oa·

94 1919 152 1968 lect
159 1931 172 1976 ,·
190 1911 445 1980 quipriuutimplus
452 1913 572 1980 possint,
592 1929 673 1979 quam
684 1913 740 1980 'ipsi
754 1913 902 1986 magistra-

95 1994 149 2037 tus.
186 1980 388 2035 Hossedits‘osu
402 1990 484 2050 utque
498 1980 620 2050 improbe
634 1983 758 2038 oratione
778 1983 901 2036 nsultitrs·

94 2055 185 2107 dinem
195 2053 338 2116 deterrere,
349 2069 383 2102 ne
391 2051 569 2134 puntentur:
579 2053 734 2124 consuunt,
745 2055 903 2121 quodprae-

94 2133 171 2176 stare
181 2121 302 2174 debeant.
340 2119 372 2172 Si
386 2137 443 2173 sem
454 2121 642 2188 principatum
656 2123 765 2176 Gallice
780 2122 901 2175 obtinere

93 2189 903 2260 noupossint,Gallorum,quumRomenorumimperiuper·

87 2264 186 2342 serre,
201 2261 288 2314 sotius
299 2275 365 2324 esse,
383 2275 466 2326 resque
477 2259 613 2324 dubitare,
632 2261 709 2328 quin,
729 2260 901 2330 siUHelretios

93 2329 284 2399 superaverint
291 2327 424 2394 Romani,
444 2345 499 2382 una
509 2331 683 2397 cumrels'puu
696 2331 789 2383 Gallia
799 2327 901 2380 Aeduis

93 2401 251 2455 libertatem
265 2399 321 2452 sint
336 2399 466 2468 erepturi.
502 2393 543 2452 At
559 2400 655 2452 eisdem
667 2407 762 2452 nostru
778 2397 900 2462 consiliu,

94 2485 218 2539 quaeque
226 2474 256 2522 in
267 2469 366 2522 castris
373 2478 524 2538 gerentur,
544 2467 662 2522 insutus
677 2466 834 2520 enunciari.-
852 2465 900 2520 isos

96 2558 114 2594 a
123 2557 152 2593 se
163 2539 283 2594 coerceri
292 2557 346 2592 non
358 2553 450 2608 posse:
469 2539 534 2606 posin
549 2539 645 2600 stiunt,
665 2546 736 2604 quod
748 2535 900 2592 necessario

94 2625 152 2663 rens
164 2618 275 2663 coactus
283 2607 397 2660 Coescri
407 2607 570 2671 enuntiarit,
579 2607 735 2676 intellegere
745 2623 809 2671 sese,
817 2621 902 2673 pucc-

95 2687 124 2734 to
133 2677 166 2731 id
174 2695 234 2734 cum
239 2677 363 2747 periculo
377 2678 496 2751 feeerit,
515 2685 543 2730 et
552 2677 584 2730 o'b
595 2688 654 2730 eam
662 2691 801 2741 caussam,
820 2680 902 2744 quoin

96 2749 142 2802 diu
148 2749 286 2819 potuerit,
297 2747 423 2802 tacuisse.
