2134 3148
351 153 634 246 ,veniesne¹
808 189 876 244 usa

9 357 10 366 ἵ
78 294 253 363 unicamque
264 297 300 348 ad
310 297 336 350 V
337 311 416 348 arum
430 300 556 362 venerat:
586 309 668 362 quem
680 295 716 347 ob
727 295 878 361 periurium

76 365 277 433 'perfidiamque
287 367 390 426 Caesar
400 367 481 416 iussit
492 366 599 428 necari3
612 364 640 415 P.
650 364 764 418 Vestrie
776 370 881 426 autem,

78 435 152 504 quod
164 437 224 487 eius
233 433 322 488 irater
333 437 438 491 Romae
453 434 598 503 pecuniam
608 435 773 500 imperatam
787 449 880 484 uume-

79 511 191 558 raverat
201 509 230 558 et
240 507 315 573 quod
325 508 383 574 ipse
399 521 477 557 suam
486 520 614 560 cucusam
625 504 738 556 Caesari
750 504 882 570 probave-

78 573 132 638 bot,
148 591 186 637 se,
202 574 337 627 aNasidii
348 575 437 632 classe
448 580 569 642 captum,
585 589 668 644 quum
680 573 715 624 ad
726 589 822 626 necem
833 573 881 624 du·
948 587 953 592 ·

81 651 202 707 ceretur,
223 645 356 697 beneficio
368 645 438 698 Vari
449 661 510 697 esse
519 651 669 704 serratum,
690 646 789 710 postea
799 641 882 694 facul-

77 711 166 766 tatem
177 715 229 765 sibi
241 715 346 766 nullam
358 715 452 766 datam
462 713 634 776 transeundi,
654 714 769 780 ignovit.

132 783 218 838 LXV.
237 787 288 838 Est
299 787 328 836 in
338 785 432 836 Africa
443 783 615 852 consuetudo
626 783 790 844 incolarum,
811 788 843 832 ut
854 783 881 832 iu

78 849 156 920 'airis
168 854 197 905 et
212 856 241 905 in
252 855 448 908 omnibusdere
463 854 537 908 stillis
550 854 690 905 subterra
708 867 807 920 specus
819 866 881 901 cou-

42 969 46 976 .
81 923 164 975 d'endi
175 923 308 976 frumenti
320 926 412 994 gratia
424 925 493 976 elom
505 922 628 976 habeant
637 929 720 991 atque
732 922 759 973 id
770 929 883 988 propter

76 993 157 1046 bella
172 996 292 1048 maxime
309 995 485 1062 hostiumque
502 994 623 1046 subitum
639 995 788 1045 adventum
806 1007 883 1059 prae

80 1069 188 1131 parent.
210 1065 271 1128 Qua
281 1066 315 1118 dc
326 1082 356 1118 re
367 1065 469 1116 Caesar
479 1065 583 1115 certior
593 1079 642 1131 per
652 1064 771 1114 indicem
782 1061 882 1122 sarrtus,
954 1085 957 1088 ·

79 1136 166 1184 tertia
176 1135 269 1202 vigilia
281 1136 405 1204 legiones
416 1134 484 1185 duas
496 1149 557 1185 cum
570 1136 696 1202 equitatu
706 1134 791 1196 mittit
799 1133 832 1182 ab
841 1147 883 1181 ea-

10 1241 15 1261 ,¹
80 1206 147 1254 stris
157 1206 214 1255 suis
224 1206 302 1258 milia
313 1221 442 1273 passuum
452 1204 546 1256 decem
558 1210 641 1272 atque
652 1203 717 1255 inde
728 1215 882 1268 magnone-

80 1289 158 1326 mero
170 1273 302 1342 frumenti
313 1282 429 1328 onustos
439 1275 536 1340 recipit
547 1275 574 1324 in
585 1278 687 1326 oestro.
713 1272 830 1334 AQuibus
842 1285 884 1320 re·

78 1343 133 1397 bus
150 1347 282 1412 cognitis,
311 1346 466 1408 Labienus,
496 1357 660 1411 progressus
677 1343 766 1394 esuis
783 1340 882 1391 eastris

79 1411 292 1482 ‘miliapaseuum
305 1422 409 1482 septem
420 1429 469 1482 per
480 1416 575 1482 iugum
586 1411 730 1474 etcollem‚
740 1425 791 1478 per
802 1424 883 1477 quem

80 1485 188 1554 Caesar
195 1484 282 1551 pridie
293 1487 348 1537 iter
364 1484 485 1547 iecerat,
517 1484 554 1534 ibi
565 1488 658 1534 castra
672 1481 789 1532 duarum
800 1479 882 1545 legio

79 1571 146 1606 num
158 1555 238 1616 focit3
258 1562 343 1624 atquc
355 1557 415 1623 ipse
428 1554 565 1622 quotidie,
587 1551 763 1612 existimans,
785 1549 884 1599 Caesa-

80 1625 140 1676 ‘rem
153 1625 249 1676 eadem
261 1640 344 1692 saepe
355 1624 543 1677 frumentandi
555 1622 647 1690 gratia
657 1626 884 1680 conuocaturum,

81 1711 142 1746 cum
159 1710 257 1762 nnrgne
275 1698 402 1762 equitatu
415 1695 526 1761 levique
542 1697 686 1744 armatura
703 1690 884 1744 insidiaturus

80 1765 149 1817 loeis
159 1765 267 1816 idoneis
278 1766 413 1830 consedit.

83 1831 86 1837 ’
133 1833 232 1888 LXVI.
251 1835 352 1888 Caesar
363 1836 473 1887 interim
485 1833 519 1884 de
530 1832 639 1885 insidiis
649 1831 767 1884 Labieni
778 1845 814 1882 ex
824 1830 883 1896 p'cr-

81 1903 156 1971 lugis
172 1905 275 1956 certior
290 1904 394 1968 factus,
426 1918 527 1971 paucos
547 1903 607 1956 dies
629 1903 667 1954 ibi
688 1909 884 1962 commoratus,

80 1970 144 2026 dum
156 1973 250 2026 hostes
262 1976 425 2042 quotidiano
438 1975 581 2036 instituto,
603 1989 685 2040 saepe
697 1973 769 2024 idem
782 1971 884 2022 iacien-

81 2043 128 2120 do,
147 2046 175 2095 in
187 2045 385 2112 negligentiam
398 2045 616 2107 adducerentur,
638 2043 730 2094 subito
741 2056 822 2092 ratane
834 2043 883 2091 im·

80 2119 174 2181 perat,
206 2121 288 2181 porta
303 2114 456 2181 decumana
472 2114 597 2180 legiones
613 2129 643 2164 se
658 2119 721 2163 octo
735 2117 883 2162 veteranas

80 2199 141 2235 eum
154 2191 232 2250 parte
245 2185 385 2251 equitatus
397 2181 488 2252 s'equi3
499 2190 591 2250 atque,
603 2184 743 2249 equitibus
752 2183 882 2249 praemis·

79 2254 117 2303 sis
125 2290 133 2315 ,
155 2269 245 2320 neque
257 2255 403 2320 opinantes
419 2253 595 2304 insidiatores
606 2253 712 2313 subito,
733 2253 760 2300 in
773 2251 882 2301 conval-

79 2322 152 2391 libus
165 2321 300 2386 latentes,
330 2324 385 2374 leri
397 2330 539 2374 armatura
555 2321 676 2374 concidit
686 2323 884 2388 circiterquin-

80 2398 196 2462 gentos3
207 2392 329 2460 reliquos
342 2394 369 2443 in
381 2389 474 2460 fugam
487 2395 675 2459 turpissimam
687 2391 811 2442 coniecit
839 2389 881 2442 ln-

80 2463 164 2514 terim
182 2461 322 2514 Labienus
339 2479 399 2532 cunr
421 2464 548 2513 universo
565 2463 689 2530 equitatu
712 2459 883 2529 fugientibus

78 2533 137 2584 suis
143 2533 284 2598 suppetias
293 2534 420 2584 occurrit.
439 2532 523 2582 Cuius
534 2533 588 2582 vim
601 2531 881 2602 rnultitudinisquom

80 2600 189 2670 equites
202 2603 281 2669 pauci
292 2602 451 2654 Caesariani
466 2603 520 2654 iam
535 2603 683 2664 sustinere
692 2619 747 2656 non
758 2609 881 2670 possent,

80 2671 182 2724 Caesar
198 2673 349 2724 instructas
365 2673 491 2740 legiones
508 2671 630 2726 bostium
647 2675 733 2741 copiis
750 2673 880 2728 ostendit.

80 2743 141 2818 Quo
153 2741 227 2795 iacto
239 2743 518 2811 pe1·tcrrit‹rhabicrro
531 2759 564 2796 ae
574 2743 881 2810 r·ctardatp‚suosequ-i·
