2168 3134
185 149 236 202 eu
271 119 276 124 ’
366 147 421 200 ue
448 146 800 201 ueuuovuuuurco

184 249 323 313 bestium,
355 253 568 306 suceedentibus
580 253 634 304 sibi
647 252 801 319 peditibus,
831 253 892 320 qui,
924 257 988 304 totu

183 321 295 388 agmine
308 320 505 385 subsistentes,
538 323 678 392 equitibus
694 323 751 374 suis
764 327 862 373 contra
873 328 989 373 nostros

181 390 279 443 seruut
290 391 433 444 auxilium.
454 393 500 444 Fit
511 395 647 460 proelium
659 392 717 445 ueri
727 391 894 443 certamine:
912 407 990 442 uam-

183 475 237 529 que
250 461 349 523 nostri,
361 460 986 529 contemtis'pridiesuperatishostibus-quum

183 531 314 596 subsequi
326 530 449 597 legiones
465 535 669 592 meminissent,
700 537 730 583 et
741 531 846 600 pudore
858 529 986 592 cedendi,

184 607 214 650 et
229 600 380 666 eupiditate
396 618 445 669 per
461 617 491 652 se
508 602 671 653 conficiendi
688 602 800 668 proelii,
818 599 986 652 ¹fortissime

185 675 284 720 centra
295 670 402 737 pedites
411 672 641 738 ,proeliabantur3
664 670 827 738 hostesque,
849 667 986 720 nibilum·

181 739 258 806 plius
271 741 411 804 copiarum
424 757 599 792 accessurum
613 742 769 802 credentes,
795 746 830 790 ut
841 739 930 805 pridie
942 754 986 790 eo

80 811 84 818 '
182 815 349 876 griererurrt,
362 811 474 862 delendi
486 803 986 886 ‹equitatus-nostriuaetioeeasione'm

188 877 362 929 ridebantur.

240 947 339 998 xxix.
358 948 628 1014 Quumaliquamdiu
639 963 747 1008 seturna
758 943 936 1000 contentione
948 946 989 996 di-

187 1019 344 1077 ruiearetur,
356 1017 516 1071 Dumnacus
528 1020 642 1069 instruit
654 1019 750 1082 aciem,
758 1032 830 1085 quae
843 1018 900 1068 suis
912 1022 989 1068 esset

187 1084 324 1150 equitibus
335 1087 364 1136 in
375 1088 463 1137 vieeur
475 1087 626 1152 praesidio.
663 1088 736 1138 'litut
753 1092 869 1152 repente
876 1085 988 1136 eonfer-

187 1160 232 1204 tae
244 1155 371 1221 legiones
380 1155 408 1206 in
421 1162 597 1222 conspectum
609 1155 861 1208 hostiumreniuut.
880 1155 986 1217 Quibus
1072 1207 1073 1226 χ

187 1225 253 1274 visis
265 1224 410 1291 perculsae
422 1221 727 1289 barbarorum-ermae,
738 1227 904 1292 perterritae
915 1227 988 1275 acies
1072 1241 1073 1246 ¹

187 1292 324 1357 hostium,
345 1295 508 1361 perturbato
519 1296 988 1363 impedimentorumagmine,ura-

187 1377 243 1430 guo
255 1363 376 1415 elamore
389 1365 571 1432 ‚discursuque
587 1369 691 1436 passim
709 1365 791 1432 fugae
804 1381 833 1415 se
842 1363 987 1414 mandant.
1056 1399 1059 1405 -

186 1434 222 1482 lit
233 1435 321 1486 nostri
335 1435 456 1502 equites,
473 1437 523 1504 ‚qui
536 1437 628 1502 praello
641 1444 705 1488 unte
717 1433 778 1486 eum
791 1434 987 1485 resistentibus
1071 1437 1073 1456 ¹

187 1501 339 1555 fortissime
350 1503 546 1568 eeullinerent,
568 1505 678 1556 laetitia
688 1503 911 1564 victurieeelati,
932 1515 988 1552 ma·

187 1585 243 1639 guo
255 1572 377 1641 undique
389 1574 509 1626 elamore
522 1576 640 1638 sublato,
651 1571 987 1632 oedeutibuscircurufusi,
1070 1582 1072 1599 ¹

188 1649 324 1708 putantum
341 1659 475 1710 equorum
491 1645 564 1695 vires
577 1644 617 1695 ,ad
628 1643 848 1712 persequendum
861 1641 987 1692 ‹lettres-

188 1726 242 1778 que
254 1712 290 1761 ad
302 1712 474 1764 caedendum
483 1714 589 1775 valent,
621 1720 729 1764 tentum
741 1727 774 1764 eo
786 1711 891 1777 proelio
903 1711 989 1761 iuter·
1072 1753 1074 1762 s

187 1781 294 1831 ficiunt.
326 1781 424 1848 ltaque
435 1783 553 1848 emplius
565 1781 676 1835 milibus
686 1783 736 1834 Xll
748 1787 797 1832 uut
807 1787 987 1840 armatorum,

188 1855 237 1900 aut
249 1865 353 1913 eorum,
363 1853 409 1919 qui
421 1855 521 1902 timore
533 1867 611 1902 arma
625 1854 813 1918 proiecerant,
820 1847 987 1910 interfectis,
1072 1895 1074 1900 .

189 1921 279 1969 urrruis
291 1921 439 1972 multitudo
451 1922 561 1986 cupitur
572 1921 844 1987 impedimentorum.
1073 1929 1074 1942 ¹

241 1989 328 2041 XXX.
347 1991 408 2053 Qua
420 2004 454 2042 ex
469 1989 550 2057 fuga,
571 2006 655 2057 quum
668 1993 822 2050 constaret,
843 1987 986 2053 Drapeten

187 2058 342 2123 Senonern,
365 2060 436 2126 (qui,
458 2066 488 2109 ut
500 2060 617 2125 primurn
628 2059 772 2110 deleuerat
783 2056 883 2117 Gellia,
905 2057 986 2108 colle

189 2130 240 2179 ctis
251 2129 372 2197 undique
384 2129 498 2194 perditis
511 2128 676 2191 bominibus,
688 2127 985 2180 serrisadlibertatem

188 2201 303 2261 voeatis,
325 2198 465 2250 exsulibus
477 2201 599 2250 omnium
611 2200 753 2251 civitatum
764 2197 892 2259 adscitis,
913 2211 986 2249 rece·

188 2270 243 2334 ptis
254 2268 421 2330 latronibus,
442 2268 653 2334 ,impedimenta
664 2275 693 2320 et
704 2272 877 2320 commestus
887 2267 985 2318 Bours-

189 2354 288 2388 nerum
304 2339 502 2404 interceperat)
520 2353 576 2391 uun
590 2338 709 2406 amplius
726 2335 867 2388 hominum
880 2336 986 2387 duobus

162 2452 164 2460 .
190 2407 301 2459 milibus
313 2423 347 2459 ex
358 2407 425 2475 fuga
436 2407 576 2472 collectis,
607 2409 776 2476 provinciam
789 2412 898 2473 petere,
924 2420 986 2456 rene

191 2492 245 2545 que
257 2478 404 2530 eonsilium
416 2492 478 2530 eum
489 2494 522 2530 eo
534 2477 695 2530 Lucterium
707 2477 861 2530 Cadurcum
872 2477 986 2540 cepisse,

189 2553 282 2613 (quem
303 2549 448 2613 superiore
474 2550 687 2611 commentario,
723 2547 813 2614 prima
833 2544 987 2596 defectione

192 2615 313 2678 Galliae,
331 2615 424 2668 lucere
436 2617 463 2666 in
476 2619 645 2683 provinciam
657 2617 792 2684 impetum
803 2615 933 2676 uoluisse,
944 2627 986 2664 eo·

188 2685 297 2752 gnitum
305 2689 371 2748 estz)
383 2686 513 2738 Caninius
524 2686 635 2754 legatus
646 2701 708 2738 eum
720 2681 985 2754 legionibusuuabit
