2150 3124
176 197 211 248 70
366 193 421 248 DE
442 192 584 246 BELLO
608 191 793 245 subulco

176 308 240 354 tura
260 297 486 368 prohibebantur.
502 301 505 307 '
523 285 681 349 Suevorum
697 311 765 363 gens
781 295 916 365 estlonge
928 311 990 346 ma-

178 373 254 422 xima
278 376 307 421 et
326 367 535 419 bellicosissima
555 367 758 419 Germanorum
780 369 909 416 omnium.
947 367 990 416 lii

179 447 290 493 centum
306 452 391 506 pagos
407 437 508 488 habere
519 437 661 498 dicuntur,
683 449 716 486 ex
728 436 825 503 quibus
836 438 990 504 quotannis

178 508 288 576 singuia
308 508 384 558 milia
402 513 572 558 armatorum
588 505 710 558 bellandi
725 519 821 556 caussa
836 519 870 557 ex
883 505 989 566 finibus

179 580 309 632 educunt.
345 577 467 644 Reliqui,
488 579 533 644 qui
545 578 619 628 domi
631 577 795 638 manserint,
816 591 845 627 se
857 582 942 642 atque
954 575 989 624 il-

178 649 222 700 los
241 647 327 699 alunt.
363 647 400 697 Hi
421 662 516 696 rursus
536 647 666 698 invicem
687 661 759 695 anno
779 651 843 712 post
862 645 989 695 inarmis

179 723 260 780 sunt3
284 717 326 767 illi
346 715 419 766 domi
440 719 592 767 remanent.
629 714 673 765 Sic
694 730 783 782 neque
805 713 989 782 agricultura,

179 799 232 839 nec
246 789 318 837 ratio
334 790 417 852 atque
430 799 496 834 usus
506 784 571 833 belii
581 785 785 834 intermittitur.
820 783 875 835 Sed
885 785 990 850 privati

180 873 213 912 ac
231 857 352 922 separati
373 855 433 919 agri
453 853 527 918 apud
542 866 590 922 eos
604 851 672 902 nihil
686 857 742 916 est3
770 869 860 920 neque
876 853 989 920 longius

180 940 253 977 anno
273 937 417 974 remanere
436 935 490 971 uno
511 921 538 970 in
560 921 623 971 loco
642 921 782 972 incolendi
797 937 896 976 caussa
911 921 990 974 licet.

180 993 276 1060 Neque
287 991 404 1041 multum
416 989 566 1052 frumento,
578 989 627 1040 sed
638 992 783 1052 maximam
796 997 902 1056 partem
914 991 989 1042 lacte

180 1069 263 1129 atque
273 1075 372 1127 pecore
380 1060 474 1108 vivunt
484 1055 656 1125 multumque
666 1059 766 1108 suntin
777 1060 988 1118 venationibus:

181 1145 252 1200 quae
268 1145 312 1180 res
328 1134 356 1180 et
365 1128 418 1180 cibi
430 1143 546 1196 genere,
566 1133 595 1179 et
605 1128 765 1194 quotidiana
775 1129 989 1191 exercitatione,

182 1207 211 1252 et
224 1199 354 1251 libertate
364 1199 437 1249 vitae
449 1198 548 1265 (quod,
567 1213 584 1248 a
596 1198 687 1263 pueris
697 1196 775 1247 nulfo
786 1197 876 1248 officio
888 1203 938 1248 aut
948 1197 989 1254 di-

182 1269 300 1337 sciplina
314 1267 481 1329 adsuefacti,
497 1265 566 1318 nihil
582 1268 692 1318 omnino
704 1266 988 1330 contraroluntatem

183 1340 298 1401 faciant)
318 1343 346 1390 et
362 1338 434 1390 vires
449 1337 511 1399 alit,
531 1341 560 1387 et
570 1337 837 1404 immanicorporum
849 1337 988 1402 maguitu-

183 1410 247 1461 dine
258 1408 381 1460 homines
393 1408 484 1460 efficit.
510 1409 599 1474 Atque
610 1407 638 1456 in
649 1422 709 1457 eam
720 1422 750 1458 se
760 1406 988 1458 consuetudinem

183 1479 370 1538 adduxerunt,
394 1483 426 1528 ut
444 1476 512 1528 locis
532 1475 729 1543 frigidissimis,
752 1492 842 1544 neque
861 1477 988 1538 vestitus,

185 1553 297 1615 praeter
312 1547 405 1613 pellis,
426 1545 545 1598 habeant
556 1545 718 1613 quidquam,
739 1547 864 1614 (quarum
876 1551 990 1612 propter

184 1619 365 1684 exiguitatem
385 1631 485 1682 magna
503 1621 545 1668 est
560 1616 683 1682 corporis
697 1630 761 1683 pars
777 1618 898 1682 aperta,)
910 1622 938 1668 et
948 1614 989 1668 la·

184 1693 285 1738 ventur
295 1688 322 1736 in
334 1685 500 1736 fluminibus.
701 1745 703 1753 A

237 1756 271 1807 ΙΙ.
306 1755 509 1806 Mercatoribus
524 1752 612 1804 estad
624 1768 671 1804 eos
682 1753 774 1804 aditus
784 1756 871 1822 magis
882 1769 929 1817 eo,
947 1759 988 1816 ut,

185 1839 256 1893 quae
267 1824 342 1875 bello
354 1825 490 1890 ceperint,
505 1824 603 1890 quibus
613 1822 747 1887 vendant,
758 1822 892 1887 habeant,
906 1840 988 1891 quam

185 1889 331 1961 quoull'am
339 1908 396 1944 rem
407 1893 482 1943 adse
493 1891 635 1958 importari
646 1891 817 1944 desiderent:
829 1896 893 1961 quin
905 1896 988 1946 etiam

184 1962 329 2024 iumentis,
341 1961 439 2029 quibus
449 1964 567 2014 maxime
579 1961 671 2012 Gallia
682 1961 852 2026 delectatur,
864 1967 987 2031 quaeque

112 2054 114 2058 ¹
183 2034 307 2096 impenso
332 2035 432 2098 parant
451 2033 554 2097 pretio,
575 2030 705 2082 Germani
725 2034 986 2098 importatitiisnon

184 2107 313 2152 utunturr
343 2100 392 2152 sed
407 2115 477 2167 quae
491 2107 556 2151 sunt
570 2099 643 2166 apud
655 2115 702 2152 eos
713 2107 791 2164 nato,
810 2117 894 2168 prava
904 2108 985 2168 atque

184 2171 335 2233 deformia,
353 2168 422 2222 haec
437 2170 600 2238 quotidiana
614 2171 828 2232 exercitatione,
848 2173 945 2222 summi
955 2177 986 2223 ut

184 2243 241 2292 sint
250 2241 366 2302 laboris,
376 2241 506 2292 efficiunt.
542 2231 725 2307 Equestribus
735 2241 848 2306 proeliis
859 2256 941 2307 saepe
952 2253 985 2291 ex

133 2359 135 2366 .
185 2313 262 2378 equis
276 2310 452 2362 desiliuntac
461 2309 579 2378 pedibus
588 2308 772 2375 proeliantur,
793 2325 933 2378 equosque
942 2325 985 2362 eo-

186 2381 249 2437 dem
263 2395 407 2432 remanere
420 2381 536 2448 vestigio
553 2377 759 2443 adsuefaciunt3
779 2379 814 2431 ad
825 2395 893 2448 quos
904 2396 933 2432 se
943 2395 983 2432 ce·

185 2450 293 2511 imiter,
314 2450 397 2518 quum
407 2464 473 2502 usus
484 2455 539 2512 est,
560 2450 705 2515 recipiunt:
724 2464 812 2517 neque
823 2465 918 2505 eorum
930 2463 983 2500 mo·

185 2517 261 2570 ribus
277 2521 386 2584 turpius
400 2519 550 2586 quidquam
565 2524 614 2570 aut
629 2515 886 2588 inertius'habetur,
906 2533 984 2587 quam

186 2585 321 2652 ephippiis
331 2589 381 2638 uti.
409 2589 505 2655 ltaque
516 2589 552 2639 ad
563 2589 685 2653 quemvis
695 2604 840 2642 numerum
851 2589 984 2656 ephippia-

188 2660 281 2704 torum
301 2658 435 2722 equitum,
456 2657 579 2726 quamvis
595 2659 689 2722 pauci.
708 2659 785 2712 adire
797 2661 908 2713 audent.
944 2656 984 2709 Vi-

189 2739 253 2774 num
268 2723 304 2774 ad
318 2737 348 2776 ae
363 2727 474 2776 omnino
485 2727 629 2795 importari
640 2741 694 2778 non
704 2728 812 2792 sinunt,
832 2728 906 2798 quod
916 2742 987 2796 care,
