2152 3144
383 189 534 245 blora
563 192 620 246 111.
643 225 647 231 ·
850 191 903 252 bib

101 309 165 350 uem
176 309 237 347 asse
248 295 463 348 arbitrarentur
493 285 581 358 'Quod
596 310 680 364 quurn
697 301 770 348 esset
780 287 903 350 animad-

100 377 224 428 versum,
246 365 422 417 coniunctam
434 362 634 429 esse-flumini;
656 366 779 433 prorutis
791 365 833 417 bis
845 382 904 416 ιιιιι-

100 435 263 497 ru'tionibus,
275 432 542 496 defendente-nullo,
553 437 792 488 transcenderunt
801 437 905 486 narnis·

102 519 155 574 que
167 510 263 555 noster
272 505 413 572 equitatus
425 517 473 553 eas
483 502 671 556 cobortesest
680 512 803 557 secutus.

154 574 253 626 LXIX.
272 574 386 625 interim
393 571 550 638 Pompeius,
561 573 613 626 bac
622 576 693 626 satis
703 574 904 643 longainterie·

102 651 147 696 cta
158 659 246 705 mora,
262 649 290 695 et
299 658 330 694 re
341 643 482 704 nunciata,
497 644 620 710 quintam
631 644 781 712 legionem,
799 645 833 694 ab
843 658 907 710 ope·

100 727 132 768 re
143 713 301 776 deductam,
322 712 444 764 subsidio
455 714 514 764 sais
526 713 617 764 duxit:
637 715 789 782 eodemque
801 719 905 780 tempo·

100 799 132 836 re
148 783 288 850 equitatus
303 785 362 834 eius
378 783 481 834 uostris
497 783 637 852 equitibus
653 783 906 852 adpropinquabat,

103 859 132 906 et
142 855 217 905 acies
227 854 392 918 instructae
402 852 520 922 uostris,
533 854 684 921 quicastra
694 859 915 920 occupaverant,

102 923 280 988 cernebatur,
302 924 449 990 omniaque
459 928 526 975 sunt
535 923 627 976 subito
638 930 753 990 mutata.
789 922 905 990 Pompe·

100 995 168 1046 iana
178 995 251 1045 enirn
265 994 353 1062 legio,
372 993 472 1051 celeris
484 1008 533 1061 spe
543 994 661 1046 subsidii
671 995 850 1056 coniirnrata,
870 993 907 1044 ab

102 1063 255 1116 decumana
274 1070 357 1136 porta
369 1064 503 1116 r·esistere
519 1064 672 1116 conabatur
687 1071 770 1132 atque
784 1062 860 1114 uitro
876 1063 914 1112 in·

6 1195 7 1200 Ἰ
103 1139 216 1186 nostros
225 1135 361 1202 impetum
374 1133 503 1185 faciebat.
524 1135 671 1201 Equitatus
683 1134 819 1196 Caesaris,
830 1131 916 1200 quod'

102 1209 222 1272 angusto
237 1205 339 1255 itinere
357 1219 408 1270 per
421 1217 540 1271 aggeres
551 1203 750 1266 adscendebat,
779 1201 908 1269 receptui

101 1288 153 1327 suo
165 1276 275 1337 tbnens,
290 1275 402 1326 initium
413 1271 496 1340 fugae
506 1273 635 1325 faciebat.
661 1273 798 1326 Dextrum
810 1274 907 1333 cornu,

101 1345 178 1416 quod
188 1351 250 1396 erat
260 1349 277 1396 a
286 1345 401 1396 sinistro
413 1343 560 1406 seciusum,
570 1349 679 1395 terrore
691 1345 813 1410 equitum
821 1343 915 1392 anian-v

6 1473 7 1486 χ
101 1415 234 1478 adverso,
263 1429 298 1466 ue
319 1416 395 1465 intra
419 1413 602 1464 marritionem
624 1414 843 1480 opprimeretur,
872 1417 919 1462 ex·

100 1491 189 1554 parte,
210 1501 264 1552 qua
272 1484 431 1551 proruebat,
446 1479 513 1534 'sese
524 1482 684 1550 recipiebat,
695 1497 727 1533 ac
736 1483 860 1549 plerique
871 1493 907 1531 ex

6 1551 8 1590 ²
99 1558 145 1618 iis,
166 1555 242 1606 nain·
252 1556 396 1622 angustias
407 1552 577 1614 inciderent,
598 1551 693 1604 decem
705 1552 805 1618 pedum
817 1548 906 1602 munia

100 1626 228 1680 tinuisse
239 1627 266 1676 in
276 1624 367 1676 fossas
377 1623 611 1693 praecipitabant:
631 1623 783 1691 primisque
795 1633 908 1686 oppres·

100 1699 154 1758 sis,
183 1694 284 1762 reliqui
300 1692 463 1760 perborum
481 1707 601 1760 corpora
613 1692 732 1744 salutem
747 1692 800 1742 sibi
822 1699 907 1756 atque

7 1749 8 1772 ³
100 1765 370 1834 exitunipariebant.
407 1762 527 1814 Sinistro
539 1775 626 1813 corrru
638 1758 751 1824 milites,
774 1773 858 1828 quunr
871 1769 912 1810 ex·
971 1818 975 1823 ¹

7 1833 8 1868 i
100 1835 344 1902 railoi‘ornpeiurn
356 1835 454 1886 adesse
466 1839 494 1884 et
505 1847 570 1882 suos
582 1830 681 1899 fugere
694 1833 907 1892 cernerent've·

99 1907 165 1970 riti,
195 1919 230 1957 ne
240 1906 379 1972 angustiis
391 1902 659 1965 intereluderentur,
688 1917 772 1970 quum
785 1906 866 1952 extra
877 1903 907 1950 et

98 1977 176 2028 intus
186 1974 294 2026 bostem
306 1973 450 2036 baberent,
472 1973 578 2035 eodem,
600 1987 654 2040 quo
664 1977 807 2032 renuant,
830 1979 906 2021 rece·

98 2051 150 2113 ptu
161 2046 214 2097 sibi
226 2045 422 2106 consulebant,
444 2045 591 2111 omniaque
609 2048 690 2094 erasit
700 2041 852 2103 tumultus,
872 2039 915 2088 tiae

98 2117 194 2177 moris,
211 2114 296 2181 fugae
307 2114 398 2180 plena,
416 2113 487 2164 adeo
498 2119 537 2175 ut,
559 2127 642 2179 quarn
654 2111 758 2163 Caesar
770 2111 852 2176 signs
863 2106 906 2158 iu·

100 2184 238 2252 gientiurn
259 2189 342 2235 manu
363 2181 551 2250 prehenderet
573 2187 602 2232 et
617 2183 768 2232 consistere
784 2178 906 2237 iuberet,

42 2279 43 2282 ¹
99 2255 147 2304 aiu
160 2254 280 2304 dimissis
291 2254 370 2320 equis
382 2251 509 2304 eumdem
519 2265 630 2301 cursum
641 2248 827 2309 conficerent,
855 2245 905 2296 aiii

99 2338 136 2375 ex
146 2329 224 2375 metu
235 2325 319 2373 etiarn
334 2325 416 2389 signa
432 2319 619 2385 dimitterent,
650 2333 740 2386 neque
757 2317 904 2385 quisquam

99 2393 212 2444 omnino
225 2393 397 2443 consisteret.
883 2390 885 2394 ’
897 2451 899 2455 v

152 2461 239 2515 Lxx,
257 2461 311 2513 iiis
331 2461 416 2512 tantis
437 2459 519 2512 malis
539 2458 747 2511 bsee‘subsidia
762 2473 907 2511 succurre·

100 2533 182 2596 bant,
214 2546 268 2600 quo
284 2533 375 2582 minus
386 2522 631 2582 omnis'deleretur
642 2531 797 2592 exereitus,
830 2530 911 2597 quod

101 2603 251 2670 Pompeius
263 2601 378 2653 insidias
390 2602 489 2653 timens
495 2637 503 2664 ,
531 2599 639 2662 (eredo,
662 2599 736 2666 qnod
748 2596 817 2650 baec
827 2603 912 2666 prae-³

6 2711 7 2742 3
100 2679 145 2726 ter
156 2687 235 2740 spem
246 2671 406 2724 acciderant
416 2671 490 2735 eius,
519 2672 564 2738 qui
576 2667 670 2740 paullo
682 2675 748 2721 ante
760 2685 794 2723 ex
806 2671 906 2723 castris

6 2757 7 2774 ¹
102 2742 245 2812 fugientes
255 2757 321 2796 suos
331 2746 535 2816 conspexerat)
547 2739 746 2793 munitionibus
759 2741 912 2808 adpropiat-¹
