2134 3148
332 163 592 255 suercsuo.
807 205 859 260 sm

66 301 226 372 semmei,
245 304 422 370 amplctere
440 304 610 368 clamitante,
630 311 660 356 et
674 307 760 360 etiem
776 313 861 378 atque

21 437 22 442 Ἰ
67 375 143 425 etiem
154 375 241 426 aciem
252 378 438 437 sustentante,
449 374 542 426 subito
554 375 653 427 dextro
665 391 763 440 cornu,
775 380 861 430 inius-

67 459 97 499 su
108 443 245 508 caesaris,
262 442 374 496 tubicen
386 459 403 496 a
415 443 549 495 militibus
561 450 674 498 coactus
687 463 788 500 canere
800 462 863 500 coe-

65 514 112 581 pit.
144 514 203 575 Quo
215 512 298 576 facto,
318 513 353 564 ab
364 514 499 564 universis
510 513 671 566 cohortibus
682 520 764 586 signa
773 519 803 570 in
814 516 861 568 ho·

65 589 131 634 stem
140 597 256 650 coepere
267 581 381 648 inierr13
400 599 484 652 quum
500 585 677 644 centuriones
689 593 802 655 pectore
813 588 861 638 od·

63 667 138 707 serso
149 654 314 704 resisterent
323 653 405 721 rique
416 655 594 706 continerent
604 655 716 720 milites,
729 673 764 708 ne
775 659 862 710 inius-

64 737 95 774 sn
105 723 277 788 inperatoris
289 730 503 789 concurrerent,
521 725 733 795 necquidquam
744 725 861 798 profite-

63 797 131 846 rent.
504 819 506 821 ·

111 859 261 914 Lxxxul.
278 862 359 925 Quod
370 869 518 931 postquam
530 864 632 918 Caesar
646 865 802 929 intellexit,
822 865 862 922 iu·

63 931 151 984 citetis
161 931 279 984 militum
289 934 390 986 animis
400 934 667 987 resistinullomodo
680 951 768 1002 posse,
780 937 861 1003 signo

61 1001 216 1058 Felicitatis
237 1001 322 1065 dato,
341 1017 413 1070 equo
434 1004 562 1067 admisso,
583 1006 612 1055 in
633 1003 744 1058 hostem
765 1011 863 1056 contra

61 1071 196 1140 principes
206 1071 249 1123 ire
258 1071 412 1124 contendit.
439 1074 571 1127 Adestro
580 1075 693 1126 interim
704 1090 790 1126 cornu
803 1073 863 1129 luu-

61 1143 164 1196 ditcres
179 1141 376 1209 sagittariique
388 1145 496 1196 concita
509 1144 568 1196 tela
581 1144 611 1195 in
627 1142 791 1210 elephantos
807 1143 862 1194 ire·

61 1216 176 1279 quocies
186 1211 320 1276 inliciunt.
356 1210 419 1272 Quo
431 1212 516 1278 fecto,
536 1215 651 1278 bestiae,
669 1213 791 1265 stridore
802 1211 863 1262 lun·

60 1283 155 1333 darum
167 1280 340 1348 lapidumque
350 1280 863 1346 deterritee„seseconuertereetsnos

58 1356 124 1420 post
133 1365 163 1401 se
174 1348 334 1417 frequentes
344 1351 517 1420 stipatosque
528 1359 678 1420 proterere
686 1359 715 1404 et
725 1353 754 1402 ’sn
764 1357 863 1418 portes

58 1419 129 1472 valli
137 1421 294 1473 semifactas
306 1434 388 1472 ruere
397 1421 580 1474 contendunt.
600 1423 670 1474 ltem
682 1422 778 1474 Mauri
787 1421 863 1488 equi·

58 1496 113 1552 tes,
129 1490 214 1556 quiin
226 1489 323 1541 eodem
335 1503 421 1542 eornu
432 1505 493 1542 cum
502 1490 661 1558 elephantie
673 1497 766 1554 erant,
783 1501 863 1558 pree·

59 1558 132 1610 sidio
143 1559 258 1621 deserti,
269 1559 409 1624 principes
420 1557 541 1627 fugiunt.
571 1561 617 1612 lte
625 1561 755 1614 celeriter
765 1560 865 1616 bestiis

59 1629 220 1690 circumitis,
239 1627 369 1694 legiones·
386 1628 459 1680 sallo
482 1628 603 1691 hostium
624 1635 689 1682 sunt
703 1632 864 1697 petitaect,

58 1699 153 1767 parteis
165 1699 269 1750 acriter
279 1699 499 1766 repugnantibus
509 1699 674 1762 interfectis,
689 1701 791 1768 reliqui·
800 1715 863 1754 con·

57 1769 142 1818 citati
160 1769 188 1819 io
207 1773 314 1830 casua,
329 1767 402 1822 unde
422 1767 515 1836 prbis
530 1775 613 1822 erant
630 1770 745 1838 egressi,
766 1767 864 1824 conio·

76 1838 148 1892 lunt.

55 1853 76 1907 g
107 1903 266 1962 Lxxxlv.
284 1905 348 1960 Noa
367 1907 484 1962 ridetur
499 1921 562 1961 esse
580 1907 862 1976 praetennittcniium

55 1975 91 2028 de
104 1978 210 2028 virtute
224 1975 323 2027 militis
340 1978 469 2030 veterani
488 1981 603 2044 quintae
623 1978 753 2046 legionis.
788 1977 861 2028 Nom

53 2061 140 2114 quum
152 2048 184 2098 in
193 2047 307 2098 sinistro
319 2060 410 2097 eornu
418 2045 582 2112 elephantem
589 2084 602 2110 ,.
617 2049 732 2099 vulnere
747 2049 820 2098 ictus
832 2052 863 2096 et

53 2115 156 2167 dolore
168 2117 334 2176 concitatus,
354 2117 386 2165 in
394 2115 479 2169 lisam
491 2117 624 2168 inermem
636 2119 770 2183 impetum
781 2114 861 2167 fecis·

51 2190 107 2246 set,
122 2199 244 2252 eumque
261 2184 312 2235 sub
322 2183 398 2250 pede·
413 2185 567 2248 subditum,
576 2186 679 2238 deinde
701 2200 774 2254 genu
789 2185 859 2237 inni-

49 2269 115 2317 xus,
142 2254 265 2320 pondere
283 2268 347 2316 suo,
373 2255 543 2319 proboscide
560 2263 653 2308 erecte
672 2255 869 2320 ribmntique,

49 2323 185 2376 stridore·
200 2322 321 2374 manime
342 2329 484 2390 premeret
504 2329 586 2392 etque
607 2329 758 2386 enecarets
776 2321 859 2374 miles

48 2393 97 2444 hic
107 2408 164 2444 non
182 2393 274 2459 potuit
285 2393 358 2460 pati,
378 2393 447 2460 quin·
461 2407 492 2446 ee
507 2399 644 2446 munuum
659 2394 765 2458 bestiae
776 2389 860 2444 offer·

46 2469 103 2516 ret.
137 2465 227 2526 Quem
243 2467 388 2531 postquam
403 2461 570 2528 elephantus
584 2463 621 2514 sd
637 2478 667 2514 sc
681 2463 740 2514 telo
752 2461 858 2513 intecto

46 2533 375 2596 venireanimarlccrtit,
392 2533 491 2588 relicte
502 2533 649 2596 cadavere,
668 2533 784 2584 militen
796 2546 859 2598 pro·

44 2605 173 2657 boscide
189 2602 342 2655 circumdat
359 2609 444 2669 atque
455 2603 488 2657 is¹
500 2603 619 2656 sublime
637 2603 755 2656 ,extollit
768 2615 858 2653 arms·

43 2685 118 2728 turn.
168 2673 222 2737 Qui
243 2673 272 2722 in
294 2673 429 2724 eiusmodi
449 2673 576 2742 periculo
592 2687 677 2741 quum
698 2676 860 2724 constanter

42 2744 193 2816 agendum
205 2743 257 2796 sibi
270 2742 387 2808 videret,
405 2743 501 2814 giulio
515 2743 717 2866 prebgscizdem,
732 2757 788 2811 que
797 2749 859 2798 eret
