2152 3132
355 197 506 249 LIBER
541 197 611 251 Vll.
838 198 885 252 lot

83 301 192 370 getorix
202 300 294 350 animo
305 300 460 362 laborabat,
471 308 503 352 ut
513 302 639 370 reliquas
650 297 779 354 civitates
791 301 886 352 adiun-

83 377 171 439 geret,
193 377 275 436 atque
292 385 388 421 earum
410 371 552 438 principes
574 373 655 423 donis
672 371 884 439 pollicitationi·

83 443 187 508 busque
199 439 355 491 adliciebat.
374 441 449 490 lluic
459 441 503 490 rei
514 441 630 493 idoneos
641 440 883 508 hominesdelige·

84 512 138 572 bat,
150 525 266 577 quorum
278 512 394 577 quisque
406 514 455 558 aut
466 511 594 562 oratione
606 511 736 573 subdola,
758 515 806 561 aut
817 510 883 559 ami·

83 581 151 631 citia
165 578 298 631 facillime
314 580 377 646 capi
388 586 491 646 posset
527 580 582 641 Qui
597 581 714 633 Avarico
726 587 884 646 expugnato

82 648 258 716 refugerant,
280 648 429 700 armandos
439 649 655 716 vestiendosque
672 656 760 702 curat.
797 650 884 700 Simul

82 726 116 770 ut
125 718 283 770 deminutae
295 718 393 784 copiae
404 719 681 787 redintegrarentur,
696 719 817 785 imperat
828 735 886 771 cer·

83 795 142 840 tum
153 803 298 839 numerum
309 788 428 839 militum
445 789 619 852 civitatibus,
639 803 734 856 quem,
757 794 786 840 et
802 804 884 856 quam

83 859 232 909 antediem
244 858 273 907 in
286 863 379 908 castra
389 856 490 908 adduci
500 859 581 922 velit3
601 873 630 910 sa
651 860 817 927 ittariosque
830 875 886 910 om-

84 943 147 990 nes,
168 942 284 994 quorum
306 934 368 978 crat
389 941 558 995 permagnus
578 930 608 979 iu
630 874 724 980 {allia
744 944 887 991 numerus,

83 997 209 1063 conquiri
220 1002 249 1048 ct
260 996 295 1047 ad
310 1011 341 1046 se
356 998 434 1047 mitti
448 998 535 1048 iubet,
572 998 626 1050 llis
647 999 731 1050 rebus
753 999 887 1050 celeriter

84 1067 123 1130 id,
134 1065 207 1133 quod
217 1066 328 1116 Avarici
340 1066 509 1132 deperierat,
521 1066 657 1133 expletur.
685 1069 801 1119 luterinr
813 1071 886 1121 Teu-

84 1141 207 1187 tornatus
213 1173 221 1199 ,
243 1135 414 1187 Olloviconis
427 1136 508 1200 tilius,
519 1151 570 1187 rex
581 1137 785 1205 Nitiobrigum,
807 1141 886 1190 cuius

83 1211 165 1274 pater
175 1207 209 1256 ab
221 1210 322 1256 senatu
334 1210 431 1256 nostro
443 1207 548 1258 amicus
561 1215 622 1257 erat
633 1207 789 1273 adpellatus
796 1244 805 1270 ,
824 1223 885 1258 cum

84 1289 186 1342 magno
198 1275 323 1342 equitum
335 1289 449 1326 suorum
461 1289 591 1338 numero,
608 1282 637 1328 et
647 1291 716 1343 quos
729 1292 764 1328 ex
776 1277 888 1344 Aquita·

84 1346 132 1396 nia
143 1345 324 1406 conduxerat,
340 1344 449 1394 adeum
461 1346 598 1411 pervenit.
889 1357 891 1362 ·

134 1413 248 1465 XXXll.
278 1415 389 1477 Caesar,
400 1415 511 1465 Avarici
527 1415 683 1480 crrurplures
695 1413 756 1464 dies
768 1428 886 1464 eommo-

83 1491 177 1547 ratus,
199 1497 387 1550 summamque
409 1484 449 1534 ibi
470 1485 577 1549 copiam
589 1483 725 1534 frumenti
741 1489 770 1533 et
786 1482 887 1552 reliqui

83 1559 256 1606 commeatus
268 1559 382 1616 nactus,
404 1553 561 1603 exercitum
573 1567 608 1604 ex
620 1553 716 1604 labore
729 1557 811 1619 atque
828 1554 887 1604 ino-

82 1623 131 1690 pia
142 1622 251 1674 reiecit.
288 1622 346 1673 lam
359 1636 444 1688 prope
456 1619 548 1673 hieme
561 1623 702 1682 confecta,
725 1637 809 1690 quum
819 1622 887 1690 ¹ipso

83 1693 152 1744 anni
168 1699 295 1758 tempore
312 1691 346 1743 ad
363 1691 516 1759 gerendum
532 1692 636 1744 bellum
653 1698 802 1743 vocaretur
813 1700 842 1744 et
852 1693 887 1745 nd

82 1761 195 1814 hostem
209 1761 347 1828 proficisci
359 1762 567 1824 constituisset,
589 1764 648 1814 siue
661 1778 723 1814 eum
735 1777 770 1814 ex
780 1762 887 1828 paludi-

81 1832 136 1884 bus
149 1832 283 1899 silvisque
299 1830 418 1894 elicere,
440 1833 499 1883 sive
516 1831 662 1884 obsidione
678 1847 807 1900 premere
824 1847 886 1899 pos-

82 1909 142 1964 set;
170 1901 260 1969 legati
280 1900 315 1951 ad
337 1915 400 1952 eum
421 1901 563 1968 principes
584 1901 742 1954 Aeduorum
763 1903 893 1966 veniunt,

82 1977 205 2034 oratum,
216 1980 248 2023 ut
256 1968 373 2022 maxime
383 1972 534 2023 necessario
546 1981 663 2039 tempore
674 1970 784 2024 civitati
794 1971 886 2023 srtbee·

80 2040 160 2094 nial:
178 2056 277 2092 summe
288 2055 343 2090 etue
352 2039 382 2092 in.
389 2039 512 2108 periculo
522 2058 579 2093 rem
585 2058 597 2102 ,·
608 2041 684 2109 quod,
696 2058 774 2110 quum
785 2041 888 2109 singuli

81 2110 266 2179 ntagistratm
277 2109 426 2177 antiquitus
437 2110 540 2175 creari,
562 2119 641 2178 atque
652 2112 757 2177 regiam
769 2120 888 2178 poteste-

81 2189 138 2232 tem
149 2195 250 2234 annum
261 2178 381 2232 obtinere
392 2189 567 2242 consuessent,
578 2179 630 2231 duo
640 2181 830 2250 enegistrutum
839 2197 894 2247 ge-

80 2259 151 2302 rent
166 2259 194 2302 et
207 2259 359 2317 severeque
374 2266 465 2302 eorum
480 2250 584 2318 legibus
598 2259 719 2302 creatum
735 2264 790 2299 este
805 2247 895 2300 diceb·

80 2318 191 2372 Horum
201 2335 256 2371 eme
267 2321 382 2370 alterum
397 2317 646 2381 Convictolitanem,
661 2317 807 2387 florentem
819 2326 846 2368 et
854 2317 891 2369 il·

79 2390 196 2442 lustrem
212 2389 419 2449 adolescentem
440 2392 557 2440 alterum
576 2385 680 2451 Cotum,
697 2386 887 2454 antiquissima

77 2459 198 2534 faenilia
208 2467 315 2520 natum,
336 2467 417 2526 atque
428 2458 514 2526 ipsum
525 2455 655 2508 bortrinem
666 2473 781 2508 iuuentae
797 2465 888 2524 poten·

81 2531 143 2582 tiae
159 2539 188 2582 et
197 2545 311 2600 magnae
327 2528 497 2595 regnationis
502 2545 513 2589 ,¹
534 2525 611 2578 cuius
624 2527 721 2599 frater
737 2524 889 2590 Valetiacus

78 2599 211 2670 proximo
222 2602 292 2652 enno
303 2599 419 2650 eumdem
436 2597 627 2668 magistratum
639 2596 772 2668 gesserit.-
794 2595 887 2650 civite·

82 2679 140 2722 tem
151 2685 251 2722 omnem
262 2684 316 2720 erse
331 2666 361 2720 m
376 2668 471 2732 armis,
493 2667 605 2722 divisum
620 2676 753 2731 senatum,
775 2666 887 2719 diuisum

81 2741 231 2808 populum
252 2737 461 2807 consocietque
482 2755 573 2792 eorum
594 2738 738 2862 οἱίἷηέεῖαε.
778 2735 888 2800 Quodsi
