2152 3132
194 161 241 214 iot
375 161 432 215 DE
452 157 593 214 RELLO
612 155 799 214 oabbico

185 264 253 316 *hors
266 269 459 330 procurreret,
491 265 525 318 ab
537 279 571 318 ea
586 270 666 333 parte
682 276 799 335 maguus
810 265 930 317 bostium
946 283 997 316 nn·

187 347 281 384 nierus
293 334 420 387 cadebat.
444 335 506 398 Qua
516 351 547 388 re
559 335 761 400 animadversa,
776 334 916 389 Ambiorix
930 349 999 401 pre·

187 405 312 455 nuneiari
324 403 415 468 iubet,
448 413 479 456 ut
490 405 588 472 procul
599 407 657 458 tela
667 407 830 468 conticuit,
861 419 915 456 acu
928 419 996 471 pru-

187 475 249 542 pius
261 473 395 527 accedant
406 480 446 537 et,
478 490 561 546 quarn
573 476 601 526 in
611 483 719 542 partem
731 475 848 527 anniani
859 477 996 541 impetum

186 541 319 605 iecerint,
352 545 464 597 cedant:
497 547 611 599 levitate
627 559 767 596 armorum
783 552 814 596 et
828 545 997 614 quotidiana

187 614 388 666 exercitatione
400 611 471 664 nihil
481 615 515 666 iis
526 617 621 668 noceri
633 629 727 682 posse:
759 611 858 666 'rursus
868 627 899 666 se
908 614 946 665 ad
960 616 996 665 si-

187 697 242 750 gua
254 683 418 748 recipientes
430 685 621 752 insequantur.
991 747 993 752 ,

239 751 352 806 XXXV.
372 755 434 815 Quo
454 759 603 820 praecepto
618 751 653 805 ab
668 755 704 805 iis
720 753 931 822 diligentissime
948 751 997 804 ob·

188 826 314 883 servato,
347 838 430 889 quum
444 826 586 889 quaepiam
599 820 698 875 eolrors
709 837 745 876 ex
756 825 824 877 orbe
835 829 997 876 excesserat

189 897 272 957 utque
285 892 417 956 impetum
428 890 548 954 fecerat,
582 890 675 945 hostes
688 893 860 945 reloeissime
874 889 997 960 refugie-

187 959 264 1010 bant.
294 959 407 1010 lnterinr
420 975 481 1011 eam
494 968 599 1027 partem
611 962 710 1014 nudari
721 973 835 1015 neeesse
847 969 909 1014 erat
919 969 948 1013 et
960 955 996 1012 ab

188 1030 277 1079 latero
289 1035 387 1093 aperto
397 1027 456 1080 tela
470 1031 566 1096 recipi.
602 1029 720 1094 Rursus,
743 1045 827 1098 quum
839 1031 867 1082 in
878 1045 943 1083 eum
953 1027 997 1082 lo·

189 1112 260 1159 eum,
282 1097 356 1149 unde
369 1103 450 1150 erant
462 1101 610 1169 progressi,
631 1099 734 1153 reverti
745 1097 903 1168 coeperint,
916 1107 949 1150 et
957 1101 996 1151 ab

187 1169 235 1228 iis,
261 1169 308 1233 qui
320 1173 477 1232 cesserant,
499 1177 527 1222 et
540 1171 636 1234 abiis,
658 1169 704 1238 qui
715 1171 834 1236 proximi
846 1175 996 1230 steterant,

187 1238 486 1304 circumveniebantum
508 1243 550 1292 sin
563 1246 656 1292 autem
669 1241 759 1291 locum
770 1246 868 1291 tenere.
879 1231 995 1301 vellent,

188 1325 241 1360 nce
251 1308 349 1360 virtuti
362 1308 439 1359 loeus
451 1309 669 1381 relinquebatur,
685 1325 775 1378 neque
786 1309 820 1361 ab
831 1313 912 1362 bonta
922 1307 994 1360 niul·

189 1378 308 1431 titudine
324 1380 449 1431 coniecta
464 1381 522 1432 tela
537 1379 655 1432 conferti
668 1381 754 1431 vitare
766 1384 904 1446 poterant
935 1379 994 1430 'Ta-

189 1465 252 1500 men
264 1454 307 1499 tot
318 1449 499 1502 incommodis
510 1451 670 1510 conilictati,
679 1449 775 1501 multis
784 1449 993 1501 rulneribusae·

189 1521 289 1587 ceptis,
320 1521 487 1572 resistebant
497 1527 537 1584 et,
570 1519 991 1587 magnapartediciconsumta

189 1605 273 1658 quum
289 1603 307 1638 a
322 1591 411 1655 prima
427 1589 488 1642 luce
505 1592 539 1643 ad
555 1586 653 1642 horam
670 1597 794 1642 octavam
810 1594 990 1657 pugnaretur,

188 1658 265 1721 nihil,
277 1655 350 1724 quod
362 1659 428 1724 ipsis
440 1661 670 1728 essetindignum‚
681 1661 899 1712 eonrmittebant.
918 1659 989 1708 Tum
1064 1725 1065 1728 Ἴ

183 1730 222 1780 λΤ.
235 1726 395 1790 Balrentio,
418 1733 464 1796 qui
477 1732 621 1797 superiore
633 1745 705 1781 anno
716 1734 833 1796 primum
846 1729 930 1796 pilum
943 1727 990 1778 du·
1064 1771 1065 1786 ,

190 1805 281 1859 xerat,
304 1798 364 1846 viro
377 1794 443 1848 forti
456 1806 485 1851 et
497 1815 615 1867 magnae
627 1802 816 1864 auctoritatis,
843 1805 989 1866 utrumque

189 1867 279 1918 lemur
288 1865 401 1933 tragula
411 1871 594 1932 transiicitur3
607 1870 639 1931 Q.
651 1869 801 1932 Lucanius,
813 1869 936 1920 eiusdem
947 1883 990 1918 or·

188 1937 268 2000 dinis,
281 1935 430 1989 fortissime
441 1953 577 2006 pugnans,
589 1938 653 1988 dum
667 1939 852 1990 circumvento
865 1938 989 1990 liliosub·

189 2008 271 2067 venit,
292 2003 469 2058 interficitur:
491 2008 524 2059 L.
537 2009 626 2069 Cotta,
647 2007 767 2075 legatus,
789 2007 989 2060 omnescolrur-

187 2086 229 2128 tes
241 2076 408 2141 ordinesque
420 2077 581 2140 adhortans,
596 2079 625 2128 in
637 2078 782 2130 adversum
795 2073 826 2129 os
838 2077 924 2131 lunda
935 2079 988 2130 rul-

184 2153 305 2198 'ncrutun

238 2214 370 2268 XXXVI..
386 2218 437 2266 llis
450 2217 531 2268 rebus
542 2222 684 2282 permotus
695 2217 726 2280 Q.
738 2218 878 2280 Titurius,
907 2233 985 2284 quum

187 2287 284 2353 procul
296 2287 482 2354 Ambiorigem
499 2302 565 2336 suos
581 2285 773 2338 cohortantem
791 2290 986 2354 conspexisset,

187 2359 367 2422 interpretem
380 2371 472 2417 suum,
505 2357 552 2406 Cn.
564 2355 740 2423 Pompeium,
771 2357 806 2408 ad
819 2372 881 2407 eum
894 2357 985 2418 mittit,
1013 2386 1016 2394 ·

188 2434 314 2494 rogatum
322 2463 330 2489 ,
353 2432 384 2476 ut
395 2427 446 2476 sibi
465 2425 653 2493 militibusque
665 2433 769 2493 parcat.
805 2425 857 2478 llle
869 2425 986 2493 adpella-

186 2505 230 2546 tus
243 2496 397 2561 respondit:
414 2495 437 2548 ei
448 2494 512 2546 eelr't
523 2511 607 2546 tecum
618 2495 741 2562 colloqui,
756 2494 856 2556 licere,·
871 2503 985 2563 tpernre,

185 2582 201 2616 o
213 2564 386 2617 rnrrltitadiae
394 2563 539 2632 impetrari
546 2581 636 2632 perse,
668 2565 738 2632 quod
747 2566 783 2616 ed
792 2565 906 2616 utilitum
918 2567 983 2616 rulit-

185 2642 238 2686 tem
245 2633 386 2701 pertineat
393 2650 404 2694 ‚·
428 2633 482 2701 ipsi
492 2649 554 2685 uero
565 2633 633 2686 nilril
643 2635 761 2688 nocitum
771 2635 818 2698 iri,
838 2635 917 2699 ireque
928 2649 980 2684 enm

184 2719 238 2754 rem
249 2719 276 2754 ae
286 2701 452 2771 arcernfldem
462 2702 639 2770 interponere.
664 2705 714 2758 ille
727 2721 787 2756 num
800 2707 880 2755 Cotta
891 2719 949 2754 suin
957 2719 980 2752 io
