2152 3144
174 152 234 208 392.
357 154 387 204 Δ.
404 151 551 206 HlRTll
572 151 628 202 DE
647 148 788 202 BELLO

175 271 278 326 magua
288 255 371 312 ruina
381 259 532 323 oppressis,
558 255 646 308 ceteri
656 254 810 306 faciliorem
823 253 916 322 fugam
930 252 987 307 ha·

173 329 304 381 buerunt.
340 327 455 376 Constat
476 326 581 393 fugisse
603 341 638 376 ex
653 326 753 376 castris
769 327 862 393 regem
878 327 986 391 ipsum,

175 403 372 464 receptumque
383 397 412 446 in
427 411 538 458 narrem,
561 394 740 446 multitudine
752 410 862 457 eorum,
884 397 932 462 qui
945 395 986 446 ad

175 468 315 537 proximas
323 481 406 516 naves
412 465 591 528 adnatabant,
603 465 855 532 demersonavigio‚
865 467 986 530 perisse.

185 570 188 578 ι
230 536 345 588 xxxii.
362 535 402 587 Re
415 535 574 587 felicissime
590 536 789 602 celerrimeque
800 541 892 602 gesta,
914 535 988 585 Cae·

175 623 222 662 sar
233 621 351 674 magnae
362 605 735 671 victoriaesrduciaproximo
742 607 870 656 terrestri
877 605 986 656 itinere

175 675 373 731 Alexandriam
386 685 447 726 cum
459 676 598 741 equitibus
609 675 765 736 contendit3
782 680 865 741 atque
875 689 909 724 ea
918 688 983 740 par·

176 755 205 799 te
218 745 311 814 oppidi
321 747 412 796 rietur
423 746 545 808 introiit,
575 759 647 813 quae
660 744 795 810 praesidio
808 743 928 794 hostium
941 749 983 795 te·

176 817 303 870 uebatur.
340 814 437 881 Neque
449 829 510 864 eum
526 815 672 866 consilium
688 829 766 864 suum
780 812 892 876 fefellit,
913 814 983 880 quin

176 887 286 945 hostes,
313 898 346 934 eo
359 883 465 949 proelio
477 885 587 946 audito,
607 882 678 934 nihil
689 885 744 934 iam
756 883 789 936 de
800 883 875 934 bello
886 890 984 935 essent

177 954 337 1022 cogitaturi.
372 953 495 1018 Dignum
517 953 665 1005 adveniens
686 952 808 1004 fructum
823 955 934 1003 virtutis
953 959 985 1018 et

177 1023 263 1076 animi
275 1022 474 1088 magnitudinis
487 1023 563 1072 tulit:
582 1024 672 1073 omnis
685 1023 759 1073 enim
770 1023 920 1074 multitudo
932 1037 983 1088 up-

175 1093 354 1163 pidauorum,
386 1093 469 1142 armis
481 1093 627 1156 proiectis,
658 1093 910 1157 munitionibusque
922 1093 983 1142 suis

176 1163 296 1226 relictis,
320 1165 397 1212 reste
409 1177 442 1212 ea
453 1168 558 1225 sumta,
589 1177 644 1228 qua
654 1161 791 1228 supplicas
803 1161 982 1213 dominantes

176 1231 323 1299 deprecari
334 1237 545 1293 consueverunt,
566 1235 704 1299 sacrisque
717 1233 842 1283 omnibus
854 1231 982 1297 prolatis,

176 1317 294 1372 quarum
306 1301 443 1368 religione
460 1303 568 1368 precari
585 1299 708 1360 offensos
720 1304 862 1368 iratosque
875 1302 983 1350 animos

176 1389 273 1441 regum
289 1377 370 1428 erant
383 1371 473 1432 soliti,
505 1371 663 1422 advenienti
674 1371 789 1422 Caesari
798 1367 984 1422 occurrerunt

174 1459 261 1511 seque
273 1443 299 1494 ei
312 1440 488 1492 dediderunt.
525 1443 627 1494 Caesar
644 1442 673 1490 in
682 1440 765 1492 fidem
778 1445 905 1508 receptos
917 1454 983 1490 con-

177 1513 295 1574 solatus,
311 1526 361 1578 per
370 1509 494 1562 ‘hostium
506 1513 674 1564 munitiones
685 1512 713 1561 in
725 1527 803 1562 suam
815 1517 920 1577 partem
933 1523 983 1574 op-

177 1583 236 1650 pidi
247 1597 348 1648 niagna
358 1581 546 1648 gratulatione
555 1583 634 1632 venit
644 1596 769 1632 suorum:
798 1582 843 1648 qui
855 1595 909 1630 non
919 1584 983 1629 tan-

176 1660 235 1702 tum
246 1651 353 1703 bellum
364 1653 452 1716 ipsum
464 1666 497 1701 ac
508 1651 721 1712 dimicationem,
733 1650 783 1702 sed
796 1652 880 1701 ctiam
892 1648 983 1700 talem

177 1720 325 1780 adventurn
339 1722 398 1770 eius
411 1719 518 1770 felicem
531 1720 616 1770 fuisse
628 1720 814 1772 laetabantur.

229 1787 355 1840 XXXlll.
375 1788 491 1850 Caesar,
522 1790 649 1855 Aegypto
661 1795 744 1856 atque
755 1787 923 1840 Alexandria
934 1803 983 1855 po·

177 1859 256 1920 titus,
274 1873 356 1924 reges
367 1859 523 1920 constituit,
540 1873 608 1925 iquos
620 1859 798 1910 Ptolemaeus
812 1863 982 1909 testamento

177 1929 326 1994 scripserat
336 1931 420 1993 atque
432 1927 588 1978 obtestatus
604 1933 665 1979 crat
674 1921 805 1994 populum
817 1927 982 1990 Romanum,

177 2013 212 2050 ne
223 2002 405 2048 mutarentur.
434 1997 514 2060 Nam,
534 1999 639 2049 maiore
649 2013 683 2049 ex
694 1998 800 2049 duobus
811 1997 904 2064 pueris
913 2005 982 2066 rege

179 2071 293 2130 amisso,
324 2067 426 2118 nrinori
441 2067 592 2118 transdidit
607 2083 740 2136 regnum,
772 2061 924 2135 maiorique
946 2083 983 2118 cx

180 2139 287 2192 duabus
297 2136 372 2200 filiis,
384 2139 556 2204 Cleopatrae,
567 2153 637 2206 quac
647 2144 788 2190 manserat
799 2141 826 2188 in
837 2137 893 2189 ilde
904 2152 981 2203 prae·

177 2210 312 2277 sidlisque
324 2210 397 2259 eius:
413 2210 548 2260 minorem
559 2209 706 2272 Arsinoen,
721 2212 799 2260 cuius
811 2210 921 2260 nomine
933 2208 980 2257 diu

178 2295 310 2347 regnasse
327 2280 495 2346 impotenter
512 2279 692 2346 Ganymeden
714 2279 870 2340 docuimus,
899 2276 981 2328 dedu·

179 2364 242 2402 cere
254 2365 288 2402 ex
299 2364 386 2416 regno
398 2351 511 2413 statuit';
536 2365 570 2402 ue
582 2365 637 2418 qua
647 2365 744 2401 rursus
756 2363 826 2400 rrova
836 2347 981 2408 dissensio,

176 2421 335 2486 priusquam
348 2419 532 2474 diuturnitate
549 2420 780 2471 confirmarentur
791 2417 981 2486 regum'impe·

177 2488 234 2550 ria,
263 2503 313 2554 per
331 2488 458 2542 honrinos
478 2490 629 2542 seditiosos
647 2495 818 2543 nasceretur.
855 2487 980 2554 Legione

176 2563 311 2610 veterana
325 2563 406 2611 sexta
420 2573 515 2612 secum
531 2549 659 2622 reducta,
687 2565 794 2613 cataras
809 2557 848 2607 ibi
857 2557 981 2624 reliquit,

178 2639 232 2688 quo
244 2627 348 2678 lirnuus
359 2633 435 2682 esset
446 2641 542 2681 eorum
554 2633 649 2694 regum
662 2630 818 2698 imperium,
831 2629 876 2694 qui
890 2641 979 2693 noque

177 2706 302 2750 araurem
312 2710 426 2750 suorum
437 2694 540 2751 habere
551 2703 693 2768 poterant,
705 2698 780 2769 quud
789 2697 980 2769 ildcliterper·
