2134 3148
350 154 607 208 s-Furano.
768 178 780 206 e
828 151 879 218 431

72 274 149 327 pore
161 272 340 325 progressus,
367 255 445 309 baud
457 259 499 309 ita
513 257 596 324 lenge
612 272 629 308 ιι
640 257 770 308 Caesaris
781 259 880 309 castris

71 330 200 380 ctrrrstitit
212 329 239 376 in
253 340 359 392 carrrpo.

127 399 228 450 XXXI.
247 398 354 460 Quibus
367 396 449 447 rebus
461 397 589 463 cognitis,
611 397 714 448 Caesar
724 396 803 446 iubet
812 395 881 446 mili·

73 475 134 530 tes,
164 467 213 534 qni
224 472 305 518 extra
316 468 485 518 munitiones
496 473 703 533 processerant,
724 466 826 532 quique
836 479 883 531 pa·

74 537 203 599 bulandi,
232 543 281 588 aut
295 536 433 602 lignandi,
462 543 512 588 aut
528 538 613 587 etiem
629 535 771 586 muniendi
787 535 882 602 gratia

10 605 11 608 ’
73 607 178 658 vallem
195 607 352 671 petierant,
377 609 478 673 quique
495 604 530 656 ad
547 621 608 656 earn
624 621 682 657 rem
705 620 773 670 opus
791 611 882 666 erant,

76 693 174 727 ιιιιιιιιιιι
186 678 259 728 intra
271 677 439 726 munitiones
457 677 612 726 minutatim
632 675 811 741 modesteque
822 675 882 726 sine

75 746 199 797 tumultu
211 753 260 795 aut
272 755 314 795 ter
317 761 380 796 rore
395 762 425 796 se
440 747 566 826 recipere
583 753 666 812 atque
682 746 805 810 inopere
818 759 882 795 con-

76 819 192 867 sisterze
223 817 362 882 equitibus
378 822 487 878 autem,
518 815 564 881 qui
580 816 609 866 in
625 817 746 866 statione
762 813 884 875 fuerant,

78 886 221 951 praecipit,
232 894 263 936 ut
274 902 361 952 usque
373 901 406 936 eo
417 887 508 936 locum
520 885 707 947 obtinerent,
701 901 728 934 m
741 899 795 951 quo
808 881 884 951 paul'-

79 958 105 1006 io
118 962 183 1006 ante
195 956 399 1018 constitissent,
430 955 519 1007 donec
530 957 564 1006 ab
577 955 658 1006 hoste
668 956 781 1012 missum
795 955 882 1006 telum

79 1026 115 1076 ad
127 1041 157 1076 se
169 1026 338 1091 perueniret:
356 1025 460 1091 qnod'
439 1042 462 1076 sr
474 1025 588 1092 propius
600 1025 790 1086 accederetur,
800 1039 883 1091 quani

79 1095 276 1146 honestissime
297 1111 327 1146 so
343 1097 417 1146 intra
437 1098 606 1148 munitiones
626 1097 792 1160 reciperent.
828 1095 883 1146 Alii

79 1180 189 1234 quoque
200 1167 336 1232 equitatui
348 1165 440 1229 edicit,
451 1165 493 1216 uti
504 1181 554 1217 sno
567 1167 684 1233 quisquo
697 1167 757 1216 ioco
770 1171 884 1230 paratus

78 1241 259 1302 armatusque
278 1243 390 1300 praesto
408 1243 492 1288 esset.
528 1238 564 1288 nt
575 1235 643 1289 baec
654 1251 710 1286 non
721 1237 779 1301 ipse
792 1249 884 1300 perse

79 1321 183 1366 coram,
203 1320 286 1372 quum
298 1305 333 1357 de
344 1305 417 1357 vello
430 1306 687 1386 prospecularetur;
706 1305 755 1356 sed
763 1305 885 1356 nnrabilr

79 1377 188 1444 peritus
199 1375 319 1426 seientia
331 1374 467 1435 bellandi,
495 1377 525 1424 in
537 1377 679 1440 praetorio
697 1374 811 1435 sedens,
835 1389 885 1440 per

80 1445 272 1512 speculatores
285 1451 312 1494 et
324 1446 440 1496 nuncios
455 1445 623 1524 itnrper,ebat
655 1461 726 1512 quae
719 1443 799 1494 fieri
812 1444 885 1496 role-

79 1517 139 1568 bet:
162 1513 415 1568 animadvertebat
425 1515 511 1576 eninr,
542 1530 708 1581 quemquem
724 1515 832 1581 magnis
843 1529 885 1564 es·

79 1594 144 1638 sent
154 1587 240 1652 copiis
252 1584 406 1650 adversarii
416 1582 491 1644 freti,
502 1590 594 1636 tamen
606 1600 689 1650 suepe
702 1600 718 1633 ιι
730 1600 760 1634 se
772 1584 885 1651 fugatis,

81 1656 167 1723 pulsis
180 1655 399 1722 perterritisque,
423 1659 451 1704 et
463 1669 623 1705 concessam
636 1655 729 1717 ritem,
749 1659 778 1706 et
789 1655 886 1721 ignota

81 1733 209 1792 pecceta;
222 1724 322 1792 quibus
332 1725 416 1776 rebus
428 1738 576 1791 numquam
587 1730 666 1792 tantu
676 1730 838 1791 suppeteret
850 1737 885 1774 ex

82 1798 203 1862 ipsorum
217 1796 321 1846 inertia
337 1794 562 1861 conscientiaque
577 1795 663 1846 orrinri
675 1796 806 1846 victoriae
817 1793 885 1844 iido-

81 1868 131 1926 ιιι,
142 1872 173 1916 ut
183 1871 275 1918 castra
286 1880 337 1916 sue
348 1864 453 1916 adoriri
465 1865 611 1916 auderent.
636 1864 787 1916 Praeterea
797 1865 885 1947 ipsius

81 1951 180 1986 nomen
196 1937 403 2002 auctoritasque
419 1949 523 2002 magna
533 1949 568 1986 ex
579 1942 659 2002 porte
671 1949 767 1986 eornm
779 1949 847 1992 exer
848 1937 885 1984 ci·

68 2067 70 2074 ,
82 2017 127 2056 tus
138 2006 280 2056 minuebat
291 2005 446 2056 andaciam:
458 2009 517 2054 tum
529 2007 657 2073 egregiae
669 2005 885 2056 nrunitionesca·

82 2085 203 2126 strorum
215 2082 244 2126 et
256 2075 318 2124 salli
331 2075 525 2141 fossarumque
537 2067 885 2128 altitudoetentravalluur

82 2146 139 2196 stili
151 2145 236 2208 caeci,
259 2145 429 2196 mirabilem
422 2161 454 2194 m·
461 2144 572 2194 modum
586 2146 697 2205 consiti,
715 2144 791 2194 rel
770 2158 829 2194 sane
841 2141 886 2193 de·

10 2217 12 2260 t
81 2213 238 2269 tonsoribus
258 2214 364 2265 aditum
384 2212 551 2265 ιιΙιΗιιιιιιιὶίιι
572 2212 767 2280 prohibebant.
806 2209 885 2262 Scor-

82 2286 203 2352 pionum,
225 2283 428 2350 catapultorum
440 2289 651 2350 ceterorumque
663 2283 794 2364 telorum,
815 2297 885 2348 quae

81 2355 114 2406 ad
127 2353 330 2406 defendendum
342 2353 435 2404 solent
447 2355 538 2420 parari
545 2389 553 2415 ,
578 2368 708 2421 magnam
719 2353 826 2418 cupiant
838 2349 884 2408 ha.-

81 2425 171 2476 bobat.
208 2426 297 2490 Atque
316 2421 385 2474 haec
396 2427 511 2489 propter
523 2423 662 2475 exercitus
673 2423 716 2473 sui
726 2422 883 2488 praesentis

83 2497 246 2561 peuutotcm
258 2499 287 2546 et
303 2493 463 2544 tirocinium
478 2498 707 2561 praeparareret3
736 2508 806 2554 non,
838 2489 884 2542 ho·

82 2569 160 2616 stium
171 2563 199 2616 ιι
211 2569 240 2616 et
250 2568 326 2616 meto
337 2568 506 2646 commotus,
532 2565 684 2632 patientem
700 2576 730 2612 se
743 2561 884 2614 timidum-

82 2651 133 2704 que
144 2633 267 2686 hostium
278 2633 401 2698 opinioni
421 2634 582 2700 praebebat.
618 2633 716 2700 Neque
726 2631 830 2684 ideireo
841 2647 882 2682 co·

82 2710 147 2774 pias,
158 2719 325 2774 quamquam
335 2709 418 2758 erant
425 2718 529 2772 paucae
540 2708 716 2782 tironumqu
