2152 3132
180 204 231 270 rar
370 205 424 257 na
442 205 581 258 usuca
600 204 790 259 cancico

179 309 280 362 diutius
292 310 383 361 alatur
394 309 592 373 controversia,
608 309 684 381 sors,
701 309 744 360 uti
751 325 819 376 pars
829 325 888 361 cam
895 309 983 376 partu
1071 329 1072 358 r

179 379 299 438 civitatis
311 377 442 448 confligat
449 397 460 442 ;
480 379 551 432 idne
562 380 677 442 occidat,
684 379 804 447 posituim
814 380 844 432 ia
854 379 910 430 eiua
922 377 984 430 dili·
1071 383 1072 398 ¹

177 449 274 520 gentio
286 449 558 514 atqueouctoritoteae
714 491 716 496 .

232 519 358 571 XXXlll.
378 521 488 580 Caesar,
500 521 552 571 etsi
563 535 580 570 a
589 520 663 571 bello
675 525 759 588 atque
770 518 850 571 hoste
860 517 986 570 discede*

180 605 210 641 re
220 589 449 642 detrimentosum
458 603 521 640 ¹esse
533 591 716 651 existimabat,
727 595 828 651 tamen,
839 602 895 638 non
905 592 985 656 igno·

179 674 253 722 rans,
272 664 376 726 quanta
386 674 420 710 ex
430 660 646 714 dissensionibus
654 659 829 710 incommoda
840 659 908 709 oriri
919 673 986 709 con«

181 734 322 792 errassent,
347 745 381 781 ue
391 735 470 780 tanta
481 735 509 780 et
520 735 576 779 tam
587 731 735 780 coniuncta
745 728 845 794 populo
855 729 983 778 Romano

99 836 105 846 -
180 801 291 861 civitas,
311 812 393 864 quam
408 801 466 866 ipse
480 813 590 865 semper
600 799 727 860 aluisset,
748 798 930 865 omnibusque
941 810 983 848 res‘

179 869 231 921 bus
252 873 391 928 ornasset,
419 869 454 918 ad
474 870 530 918 uim
549 873 632 934 atque
647 867 682 917 ad
698 881 776 917 arma
791 867 986 928 descenderet,

181 944 265 1004 atque
276 952 309 987 ea
319 951 397 1001 pars,
416 951 485 1004 quae
497 938 588 986 minus
598 938 649 988 sibi
661 935 829 999 confideret,
849 936 954 987 auxilia
965 951 983 986 a

180 1007 416 1072 Vercingetorige
426 1012 593 1069 arcesseret,
621 1004 685 1056 huic
695 1007 734 1056 rei
747 1006 985 1071 praevertendum

180 1076 361 1136 existimarim
380 1079 408 1124 et
418 1074 490 1142 quod
499 1075 606 1142 iegibus
615 1075 772 1126 Aeduorum
783 1074 835 1138 his,
852 1078 898 1144 qui
910 1089 983 1126 sum·

179 1161 255 1197 mum
271 1145 462 1211 magistratum
478 1146 647 1206 obtinerent,
675 1144 812 1195 excedere
831 1160 866 1197 ex
880 1145 982 1196 linibus

180 1231 234 1266 non
244 1215 352 1275 liceret,
368 1230 402 1264 ne
414 1213 479 1281 quid
490 1215 523 1265 de
534 1216 594 1266 iure
605 1219 654 1265 aut
664 1213 701 1266 de
708 1213 816 1281 legibus
827 1230 923 1267 eorum
935 1216 981 1266 de·
1071 1241 1072 1244 ¹

179 1285 310 1337 minuisse
321 1283 476 1346 videretur,
496 1285 556 1351 ipse
566 1286 595 1334 in
605 1284 715 1334 Aeduos
725 1287 861 1350 proticisci
871 1287 985 1346 statuit,

179 1362 362 1421 certatumque
373 1368 491 1416 omoero,
502 1360 530 1405 et
540 1369 610 1422 quos
620 1356 694 1405 inter
704 1355 986 1423 controversiaeaqet,¹

179 1425 214 1478 ad
225 1441 255 1476 se
266 1425 410 1477 Decetiam
422 1425 554 1476 evocavit.
577 1426 680 1487 :Quum
691 1438 775 1491 prope
786 1426 873 1475 omnis
885 1424 983 1476 civitas

181 1511 214 1548 co
226 1495 407 1558 convenisset,
428 1494 642 1563 docereturque,
662 1497 756 1561 paucis
767 1495 838 1546 clam
850 1508 984 1546 convoca·

179 1569 229 1628 tis,
248 1564 390 1626 alioloco‚
414 1564 622 1630 aliotempore,
646 1576 728 1632 atque
741 1565 908 1630 oportuerit,
927 1564 983 1616 fra-

148 1631 163 1650 ⁴
179 1644 252 1686 trem
264 1633 379 1686 asratre
390 1636 596 1696 renunciatum,
624 1649 706 1700 quum
722 1633 799 1700 leges
814 1635 869 1684 duo
881 1647 983 1684 exuna

180 1704 296 1763 ianrilia,
313 1705 378 1752 vivo
389 1708 518 1770 utroque,
534 1718 589 1753 non
600 1703 691 1753 solum
700 1703 880 1768 magistratus
891 1705 981 1754 creari

179 1777 318 1832 vetarent,
337 1772 387 1822 sed
399 1773 483 1822 etiam
495 1773 523 1823 in
534 1778 632 1822 senatu
644 1786 705 1822 esse
717 1770 909 1837 prohiberent:
931 1772 983 1822 Go-

180 1848 241 1892 tum
260 1843 407 1904 imperium
426 1840 568 1906 deponere
588 1841 696 1906 coegit;
723 1841 981 1900 Conuictolitauem,

180 1912 227 1978 qui
238 1924 287 1976 per
297 1909 458 1960 sacerdotes
469 1923 547 1960 more
559 1911 692 1971 ciiitatis,
722 1909 887 1960 intermissis
896 1910 983 1976 magi·

180 1981 322 2040 stratibus,
343 1984 551 2041 essetcreatus,
571 1984 740 2045 potestatem
752 1980 880 2032 obtinere
891 1981 981 2030 iussit.

230 2049 361 2102 XXXlV.
380 2049 442 2098 Hoc
450 2049 565 2100 decreto
575 2049 749 2115 interposito,
759 2047 920 2100 cohortatus
931 2053 981 2102 tle-

181 2119 259 2180 duos,
277 2123 309 2168 ut
319 2119 572 2170 controversiarum
582 2135 615 2171 ac
625 2119 829 2170 dissensionum
839 2119 982 2170 oblivisce·

179 2193 386 2255 ranturatque,
407 2189 653 2242 omnibusomissis
664 2187 813 2252 hisrebus,
831 2187 980 2241 huicbello

180 2261 329 2320 servirent,
350 2273 452 2326 eaque,
473 2274 544 2327 quae
561 2261 742 2319 meruissent,
761 2261 884 2325 praemia
893 2259 928 2310 ab
940 2273 980 2318 se,

180 2327 405 2390 devictaGaliia‚
426 2335 630 2396 exspectarent,
651 2329 859 2396 equitatumque
869 2343 978 2382 omnem

180 2405 210 2452 et
221 2399 344 2465 peditum
356 2399 434 2448 milia
443 2400 470 2450 X
479 2401 531 2451 sibi
547 2399 678 2450 celeriter
689 2400 849 2462 mitterent,
870 2400 978 2467 quaein

179 2469 327 2534 praesidiis
337 2470 378 2520 rei
388 2467 589 2521 frumentariae
600 2484 697 2520 caussa
707 2468 880 2534 disponeret,
901 2483 979 2520 exer·

178 2541 264 2592 citum
273 2539 301 2587 in
313 2537 381 2588 duas
391 2546 485 2603 partes
495 2538 604 2600 divisit3
628 2539 668 2591 lV
677 2539 803 2605 legiones
813 2539 842 2589 in
853 2536 978 2590 Senones

178 2605 354 2673 Parisiosque
365 2606 489 2660 Labieno
500 2608 640 2660 ducendas
651 2609 742 2670 dedit3
771 2609 810 2660 Vl
820 2609 879 2674 ipse
889 2608 918 2656 in
930 2609 978 2658 Ar·
1066 2604 1072 2673 ξς

177 2689 293 2734 vernos,
324 2675 358 2724 ad
379 2677 510 2744 oppidum
526 2678 693 2744 Gergoviam
709 2678 858 2728 secundum
874 2674 978 2726 flumen
1066 2676 1072 2740 ¹,

177 2741 278 2795 Elaver
289 2743 378 2798 duxit:
391 2748 531 2816 equitatus
543 2754 651 2816 partem
663 2747 705 2800 illi
715 2747 857 2808 adtribuit,
869 2750 976 2810 partam
