2180 3140
414 133 563 186 LIBER
597 134 617 186 l.
862 133 919 188 273

108 236 212 290 struit:
239 243 337 289 contra
354 237 511 305 opinionem
530 240 603 289 enim
620 239 739 292 militum
761 237 918 306 famamque

109 307 239 361 omnium
250 307 342 358 rideri
352 307 489 373 proelium
503 307 660 376 defugisse,
690 325 820 377 magnum
833 310 919 362 detri-

90 383 240 430 -nrentum
259 376 414 429 adferebat.
452 375 506 427 Sed
524 377 629 429 eisdem
647 379 682 429 de
698 379 819 441 caussis,
847 394 919 445 quae

110 453 182 499 sunt
194 447 337 514 cognitae,
359 461 413 514 quo
424 449 515 497 minus
526 447 659 500 dimicare
669 448 769 510 vellet,
792 449 919 500 nrorcba-

110 524 174 579 tur3
203 515 356 583 atque.hoc
371 519 454 567 etiam
472 517 576 582 nitigis,
606 517 679 585 quod
690 519 772 586 spatii
783 518 918 582 brevitas,

112 587 202 638 etiam
217 587 247 636 in
265 586 359 654 fugam
370 587 505 636 conicctis
522 585 704 650 adversariis,
732 603 787 640 nou
800 588 916 666 multum

111 657 149 708 ad
161 671 296 708 sumniam
308 656 444 706 rictoriae
456 657 551 707 iuvare
562 662 686 723 poterat:
706 672 760 708 non
774 659 847 708 einim
860 673 916 708 anr-

111 727 190 794 plius
202 726 303 791 pedum
318 726 431 776 milibus
446 725 554 777 duobus
566 726 599 776 ab
616 726 715 778 castris
726 734 820 780 castra
834 727 917 778 dista-

101 797 192 846 bant.
220 795 295 846 llinc
304 795 374 846 duas
385 802 479 862 partes
490 796 565 846 acies
576 797 762 863 occupabant3
777 798 863 849 tortia
873 812 918 848 ra·

112 865 210 926 cabat,
238 865 273 914 ad
285 867 424 916 incursum
441 869 523 930 atque
533 865 665 933 impetum
679 867 796 918 militum
808 866 916 918 relicta.

112 933 144 985 Si
156 934 293 1000 proelium
306 936 537 997 committeretur,
559 937 749 1003 propinquitas
757 945 916 988 caurorum

111 1004 233 1056 celerem
246 1006 384 1072 superatis
396 1019 430 1055 ex
446 1004 515 1072 fuga
527 1017 666 1070 receptum
679 1005 770 1057 dabat.
808 1007 869 1058 llac
881 1006 915 1058 de

110 1087 213 1126 caussa
232 1077 432 1136 constituerat,
465 1077 545 1141 signa
565 1075 752 1127 inferentibus
772 1078 915 1140 resistere,

109 1147 189 1210 prior
199 1144 305 1209 proelio
316 1159 372 1195 non
384 1145 531 1196 lacessere.
608 1173 613 1180 -

163 1213 317 1266 LXXXlll.
327 1215 417 1265 ‘Acies
430 1214 650 1266 eratilfraniana
660 1214 912 1282 duplexlegionurn

111 1284 253 1352 quinquen
277 1285 392 1335 tertium
408 1285 438 1335 in
453 1283 587 1335 subsidiis
599 1282 689 1334 locuni
700 1285 806 1334 alariae
818 1283 914 1336 cohor-

110 1361 155 1405 tes
167 1353 343 1405 obtinebant:
363 1355 490 1404 Caesaris
501 1353 614 1418 triplex:
635 1353 683 1403 sed
695 1353 811 1419 primam
823 1353 912 1414 aciem

110 1429 265 1491 quaternae
277 1421 409 1474 cohortes
421 1439 454 1474 ex
467 1425 587 1490 quinque
597 1422 756 1489 legionibus
766 1423 912 1486 tenebant:

108 1493 161 1544 bas
173 1492 359 1544 subsidiariae
375 1499 473 1544 ternae
486 1499 514 1543 ct
526 1506 621 1542 rursus
633 1491 705 1542 aliae
716 1491 832 1542 totidem
844 1507 912 1542 surse

110 1564 242 1628 cuiusque
253 1563 375 1630 legionis
390 1561 645 1629 subseqrrcbantur;
675 1562 813 1628 sagittarii
826 1560 913 1612 lundi-

109 1640 242 1700 toresque
253 1633 346 1684 media
356 1632 571 1684 continebantur
583 1631 656 1693 acic3
673 1632 811 1698 equitatus
821 1630 912 1682 latera

110 1703 247 1768 cingebat.
284 1703 348 1754 Tali
359 1704 496 1753 instructa
511 1700 583 1762 acic,
612 1706 709 1752 tenere
724 1706 913 1766 uterqucpro·

109 1773 231 1840 positum
252 1772 413 1835 videbatur3
442 1771 545 1823 Cacsar
565 1771 619 1821 nisi
640 1776 752 1821 coactus
774 1770 911 1837 proelium

108 1855 164 1894 non
176 1844 365 1907 committere3
392 1843 455 1904 ille,
478 1847 511 1891 ut
521 1855 605 1907 opera
616 1840 742 1892 Caesaris
754 1841 910 1907 impediret.

108 1910 274 1964 Producitur
284 1919 377 1964 tamen
389 1928 435 1966 res
446 1913 573 1979 aciesque
585 1910 619 1963 ad
632 1911 699 1962 solis
709 1925 837 1962 occasum
848 1926 910 1962 con·

11 2016 14 2026 .
108 1983 248 2046 tinentur3
263 1982 328 2034 inde
340 1983 452 2051 utrique
463 1984 492 2032 in
504 1988 597 2033 castra
608 1981 762 2033 discedunt.
790 1977 909 2033 Postero

110 2051 153 2104 die
163 2053 332 2104 munitiones
342 2054 484 2104 institutas
495 2052 597 2103 Cacsar
607 2055 689 2118 parat
698 2048 845 2118 perlicere3
867 2049 911 2100 illi

72 2186 74 2190 y
109 2122 207 2172 vadum
217 2121 341 2174 fluminis
353 2121 456 2174 Sicoris
468 2127 593 2182 tentare,
621 2122 644 2172 si
655 2121 775 2171 transire
788 2124 910 2185 possent.

109 2191 170 2251 Qua
181 2207 212 2242 re
223 2192 345 2242 animum
358 2193 475 2243 adversa
482 2227 489 2252 ,
508 2192 611 2240 Caesar
622 2188 777 2240 licinianos
789 2187 857 2238 levis
868 2202 910 2238 ur-

110 2265 234 2310 maturae
257 2261 437 2326 equitumque
453 2268 562 2325 partem
577 2257 680 2318 flumen
696 2256 837 2307 transiicit
851 2271 909 2308 cre·

110 2329 226 2396 brasque
237 2330 265 2378 in
277 2329 344 2395 ripis
356 2329 498 2381 custodias
510 2327 641 2393 disponit.

150 2396 302 2450 LXXXIV.
321 2397 456 2459 Tandem,
468 2397 595 2446 cornibus
606 2397 689 2446 rebus
700 2394 817 2456 obsessi,
829 2409 908 2462 quar·

108 2476 164 2519 tum
175 2471 231 2519 iam
243 2467 318 2520 diem
329 2468 390 2520 sinc
408 2466 509 2534 pabulo
521 2465 641 2516 retentis
652 2464 795 2526 iumentis,
811 2479 909 2532 aquae,
1001 2513 1007 2526 ,

109 2540 264 2606 lignorum,
282 2537 419 2590 frumenti
428 2535 532 2604 inopia,
544 2535 711 2603 colloquium
723 2539 822 2600 petunt
834 2544 861 2586 et
871 2534 908 2599 id,

108 2609 131 2659 si
141 2607 205 2660 lieri
215 2611 313 2675 possit,
324 2613 433 2660 semoto
444 2623 460 2658 a
471 2605 606 2658 militibus
617 2605 687 2658 loco.
712 2603 765 2655 Ubi
775 2601 803 2654 id
814 2621 831 2656 a
842 2606 908 2658 Cae·

108 2686 310 2802 supppecgppum
323 2683 365 2746 ct,
378 2678 478 2747 'palum
489 2677 514 2730 si
525 2675 646 2745 colloqui
656 2674 777 2801 resllcnt,
797 2689 907 2729 conces·
