2134 3148
186 136 239 194 4³⁰
370 139 401 192 Α.
420 135 564 192 lllRTll
583 133 640 188 ΒΕ
659 134 802 188 sabao

187 243 243 294 snit
257 251 471 311 superarentur-5
490 246 593 310 quippe
609 242 657 310 qui
671 241 733 293 sine
746 225 858 293 illorum
869 238 925 292 lide
938 241 994 294 sibi

188 313 356 377 conlideret;
377 316 505 380 primum,
526 311 601 378 quod
622 310 761 373 audierat,
778 311 883 364 Romae
904 311 997 379 legio·

187 399 237 436 nes
258 391 406 435 veteranas
428 382 587 442 dissentire,
616 395 706 447 neque
727 381 754 431 in
775 381 897 432 Africam
919 381 996 434 velle

188 453 324 504 transire:
344 452 456 515 deinde,
477 450 552 518 quod
562 451 686 502 triennio
699 451 727 500 in
738 449 833 514 Africa
843 466 909 502 suos
920 451 996 502 mili·

188 531 232 576 tes
243 521 446 574 consuetudine
459 528 585 573 retentos
598 519 696 572 tideles
712 520 767 571 sibi
778 522 834 572 iam
846 519 997 582 effecisset,

188 595 312 645 maxima
322 597 417 644 autem
428 591 535 643 auxilia
545 589 664 642 haberet
675 589 857 642 Numidarum
869 592 996 656 equitum

187 664 312 730 levisque
327 667 494 714 armaturae.
531 659 684 712 Praeterea
701 675 734 712 ex
750 659 818 727 luga
828 659 998 726 proelioque

188 733 357 798 Pompeiano
368 731 518 794 Labienus,
529 744 598 797 quos
609 746 704 782 secum
715 745 732 780 a
743 729 893 782 Brundisio
905 736 998 781 trans·

188 808 361 872 portaverat,
389 803 497 869 equites
526 799 681 852 Germanos
709 799 872 867 Gallosque,
902 800 998 866 ibique

188 879 288 942 postea
299 887 334 923 ex
345 870 463 923 hibridis
476 870 616 922 libertinis
627 871 770 937 servisque
781 870 998 936 conscripserat,

189 945 347 996 armaverat
358 956 485 1008 equoque
497 942 538 991 uti
554 939 665 992 frenato
677 931 875 990 coudocuerat.¹
912 938 998 991 Prae·

189 1019 269 1062 terea
289 1010 367 1078 regia
387 1009 503 1072 auxilia,
538 1009 681 1077 elephanti
702 1015 813 1061 centurn
834 1017 863 1062 et
883 1010 999 1076 uiginti,

190 1082 386 1148 equitatusque
408 1079 636 1131 innumerabilis:
655 1078 765 1141 deinde,
786 1078 912 1146 legiones
932 1095 999 1130 con-

189 1151 311 1216 scriptae
324 1163 358 1200 er
370 1149 582 1215 cuiusquemodi
593 1164 697 1217 genere
708 1149 828 1216 amplius
839 1147 998 1200 duodecim.

189 1220 251 1272 Hac
271 1235 319 1286 spe
340 1224 424 1285 atque
446 1233 480 1269 ea
499 1218 618 1270 audacia
637 1217 824 1270 inflammatus
844 1217 1001 1276 Labienus,
1059 1233 1060 1238 ¹

191 1306 253 1341 cunr
270 1289 407 1356 equitibus
425 1287 514 1340 Gallis
531 1288 734 1355 Germanisque
750 1289 841 1350 MDC,
864 1287 999 1340 Numida·
1060 1343 1061 1346 ,

191 1376 252 1414 rum
270 1361 331 1410 sine
347 1357 434 1410 frenis
452 1362 514 1410 octo
526 1358 647 1421 milibus,
669 1365 825 1424 practerea,
844 1357 1000 1410 Petreiano
1060 1357 1061 1366 ’

191 1429 299 1480 anxilio
322 1427 460 1491 adhibito,
479 1429 618 1496 equitibus
640 1428 701 1490 Me,
721 1428 848 1495 peditum
873 1443 906 1478 ac
926 1427 1000 1478 lenis

191 1505 352 1550 armaturae
363 1504 464 1566 qnater
477 1502 571 1562 tanto,
591 1499 746 1566 sagittariis
763 1513 795 1549 nc
805 1495 1000 1550 funditoribus

192 1569 441 1638 bippotoxotisque
453 1568 655 1632 compluribus:
674 1566 717 1618 lris
728 1569 815 1636 copiis
826 1565 916 1634 pridie
924 1566 1001 1618 Non.

191 1641 250 1690 lan.
272 1645 334 1705 post
355 1639 428 1690 diem
449 1645 572 1702 tertium,
591 1653 673 1704 quam
692 1636 814 1689 Africam
835 1637 948 1704 adtigit,
970 1631 1001 1687 in

192 1711 295 1774 canrpis
307 1706 477 1774 planissimis
487 1703 701 1776 purissimisque
711 1708 745 1759 ab
752 1706 822 1759 hora
833 1706 888 1758 diei
900 1707 1003 1773 quinta

192 1793 281 1846 usque
293 1777 328 1828 ad
339 1776 408 1828 solis
420 1791 548 1828 occasum
561 1782 605 1828 est
616 1778 799 1830 decertatum.
834 1775 864 1828 ln
876 1791 910 1828 eo
920 1791 1002 1842 proe-

190 1845 231 1899 lio
242 1847 370 1898 Petreius
382 1846 505 1913 graviter
515 1847 588 1898 ictus
601 1861 635 1900 ex
646 1849 705 1899 acie
716 1847 841 1900 recessit.

243 1915 305 1967 XX.
324 1916 425 1966 Caesar
447 1917 559 1976 interim
581 1921 675 1968 castra
694 1918 804 1968 munire
826 1915 1003 1984 diligentius,

191 1984 334 2054 praesidia
344 1986 457 2037 firmare
466 1986 619 2038 maioribus
629 1987 727 2054 copiis,
733 1987 891 2052 vallumque
903 1987 937 2038 ab
951 2001 1002 2052 op-

192 2056 258 2125 pido
273 2055 399 2121 Ruspina
412 2071 500 2123 usquc
516 2055 644 2108 admone
659 2056 798 2110 deducere
814 2062 844 2108 et
863 2071 880 2106 a
896 2060 1001 2108 castris

192 2127 312 2178 alterum
324 2125 431 2188 eodem,
449 2141 503 2194 quo
516 2129 605 2178 tutius
611 2127 685 2178 ultro
697 2130 821 2194 citroque
833 2141 1001 2188 commeare,

192 2196 353 2264 auxiliaque
376 2196 437 2246 sine
459 2197 583 2264 periculo
609 2197 663 2248 sibi
683 2213 846 2248 succurrere
867 2203 1000 2262 possent:

192 2267 252 2320 tela
263 2269 461 2333 tormentaque
476 2281 511 2318 ex
526 2266 643 2318 naribus
659 2268 688 2317 in
704 2273 796 2318 castra
806 2271 1000 2332 comportare:

191 2338 262 2389 remi
302 2351 329 2386 m
345 2341 452 2404 partem
468 2351 504 2388 ex
519 2336 627 2400 classe,
644 2336 806 2400 Gallorum,
823 2335 1001 2388 Rhodiorum

193 2407 275 2472 epiba
291 2421 426 2473 aramque
441 2421 552 2460 armare
564 2411 593 2458 et
607 2407 636 2456 in
648 2412 740 2458 castra
751 2422 879 2466 evocare,
898 2405 951 2468 uti,
975 2407 1002 2456 si

191 2481 301 2544 posset,
321 2475 416 2527 eadem
430 2478 556 2540 ratione,
573 2491 628 2544 qua
638 2476 807 2540 adversarii,
824 2477 895 2527 levis
907 2489 1003 2525 arma·

191 2551 257 2595 tura
278 2545 426 2596 interiecta
446 2548 522 2599 inter
543 2547 651 2612 equites
671 2562 736 2598 suos
756 2547 1002 2612 interponeretur:

191 2615 402 2681 sagittariisque
412 2631 447 2668 ex
459 2618 586 2668 onmibus
597 2616 725 2680 travibus,
737 2616 848 2682 ltyreis,
869 2611 959 2683 Syriis
973 2621 1005 2666 et

192 2683 454 2772 cuiusquefieneris
469 2686 561 2740 ductis
578 2687 606 2737 in
623 2693 716 2740 castra
727 2685 926 2754 compluribus,
943 2682 1004 2739 fre·
