2124 3154
203 169 254 222 528
422 168 451 219 C.
470 168 577 220 lllLll
599 166 799 220 CAESARIS

254 274 447 339 Interrogatus
464 288 513 324 eur
528 273 704 338 repudiasset
715 287 845 334 uxorem,
867 267 1016 335 Quoniam

202 345 299 412 inquit,
309 359 378 395 meos
389 351 446 394 tom
456 341 614 409 suspicione,
624 358 704 410 quam
716 341 828 394 erimine
839 342 932 394 iudico
944 359 1017 394 cure·

201 430 232 466 re
242 422 373 480 oportere.
403 413 477 464 Suet.
490 414 520 464 ιἰι
534 409 609 464 Caes.
621 427 681 480 cop.
692 411 735 462 74.

256 485 320 537 Acie
332 481 494 533 Pharsalica
504 482 695 548 proclamavit,
717 489 750 532 ut
769 479 869 533 civilem
889 496 1016 549 parcere

204 563 260 606 tur.
283 552 356 604 διιεῖ.
366 551 396 604 in
408 549 484 603 Caes.
494 568 516 602 c.
529 551 571 603 75.

257 621 409 690 Nosseque,
421 628 453 672 ut
464 623 566 673 Caesar
577 621 697 671 dictator
708 620 811 684 aiebat,
822 620 1017 690 miserumeese

205 695 414 746 instrumentum
439 689 574 744 senectuti
598 689 812 742 recordationem
832 692 1015 743 crudelitatis

207 762 292 816 dmm.
304 760 427 814 Marcell.
437 762 482 826 29,
492 762 518 812 2

259 833 317 884 Nec
327 833 442 882 minoris
458 833 640 898 impotentiae
651 845 732 882 voces
746 830 891 898 propalam
904 831 1017 886 edebat

208 910 238 954 ut
248 904 281 952 T.
293 903 406 968 Ampius
417 903 526 952 scribit:
545 899 623 954 Nihil
637 915 691 952 esse
706 900 904 968 rempublicam,
925 905 1016 969 appe!-

206 971 335 1024 letionem
348 970 432 1034 modo,
442 971 500 1023 sine
509 987 628 1038 corpore,
640 977 673 1022 oe
682 970 776 1038 speeie.
806 970 910 1023 Sullam
921 972 1019 1022 neseis·

206 1058 234 1093 se
245 1039 349 1101 literas,
360 1039 407 1108 qui
419 1040 586 1092 dictaturam
598 1037 757 1108 deposuerit.
780 1038 886 1092 Debere
897 1037 1018 1092 homines

206 1108 404 1164 consideratius
424 1110 480 1162 iem
495 1110 569 1178 loqui
578 1125 675 1174 seeum,
696 1126 728 1161 ac
739 1127 791 1178 pro
802 1108 907 1180 legitur
918 1107 1018 1164 liutem

210 1196 278 1249 quoe
294 1180 376 1232 dicet.
401 1179 475 1232 Suet.
484 1180 514 1233 in
526 1179 602 1232 tues.
613 1196 635 1233 c.
646 1182 688 1231 77.

261 1253 358 1318 quue
371 1252 550 1318 arrogantiae
560 1265 728 1318 progressus
739 1252 791 1311 est,
807 1253 848 1312 ut,
868 1247 1018 1318 haruspice

209 1323 302 1373 tristia
314 1328 343 1372 et
359 1321 420 1371 siue
435 1320 519 1371 eorde
536 1330 601 1370 exta
620 1335 700 1370 sacro
718 1319 837 1386 quodam
858 1322 1017 1380 nuntiante,

208 1391 318 1442 Futura
338 1390 446 1441 diceret
464 1388 589 1452 laetiora,
610 1391 773 1443 convertet.-
794 1405 901 1456 neepro
912 1399 1018 1442 ostento

207 1460 369 1582 ducendpm
388 1459 412 1512 si
428 1458 527 1527 pecudi
547 1474 594 1513 cor
613 1457 752 1530 defuisset.
789 1457 864 1511 Suet.
885 1458 916 1510 in
938 1458 1007 1512 Caes

208 1548 239 1583 ra
260 1546 333 1582 .eo.
901 1571 903 1576 .

238 1548 446 1667 pTriumplranti
458 1605 487 1651 et
497 1599 631 1652 subsellia
641 1599 789 1651 tribunitia
801 1598 1016 1667 praetervehen-

209 1672 229 1720 ti
241 1671 293 1721 sihi
309 1685 395 1720 unum
407 1685 422 1721 e
434 1671 559 1737 collegio
571 1669 699 1721 Pontium
712 1669 836 1736 Aquilam
853 1685 909 1720 nou
920 1671 1016 1720 adsur-

207 1741 324 1800 rexisse,
345 1739 416 1790 adeo
432 1740 601 1806 indignatus,
620 1745 651 1789 ut
666 1739 894 1806 proclamaverit:
913 1737 1015 1810 Repete

207 1823 271 1877 ergo
282 1824 300 1858 a
310 1824 350 1859 me
361 1807 460 1873 Aquilo
471 1807 672 1875 Ilempublienrn
682 1807 822 1860 tribunus:
837 1823 889 1860 nec
900 1809 1014 1861 destite-

206 1879 244 1928 rit
254 1892 305 1943 per
316 1879 464 1928 continuos
478 1878 539 1930 dies
560 1878 708 1945 quidquam
730 1882 872 1946 cuiquam,
892 1868 948 1932 nisi
966 1879 1014 1930 sub

207 1948 370 2013 exceptione
381 1946 517 2012 polliceri,
538 1946 569 1998 δι’
580 1957 668 2000 ῖαιιιειι
686 1964 735 2014 per
747 1947 877 2002 Pontium
886 1947 1014 2017 Aquilam

205 2016 322 2070 licuerit.
345 2015 418 2068 διιεῖ.
429 2015 459 2069 in
471 2015 548 2068 Caes.
561 2033 619 2084 cup.
632 2019 673 2068 78:

257 2087 335 2140 Plebi
348 2087 450 2154 Regem
462 2102 492 2138 se
502 2088 651 2149 salutanti,
671 2089 819 2138 Caesarem
834 2103 874 2151 se,
894 2101 953 2138 non
965 2088 1014 2140 Re·

204 2171 267 2226 gem
280 2172 342 2211 esse
354 2156 506 2223 respondit.
529 2156 603 2208 διιεῖ.
615 2154 644 2209 in
656 2154 732 2208 Caes.
743 2175 802 2225 cap.
813 2156 856 2207 79.

256 2226 300 2278 De
312 2242 365 2294 quo
376 2242 478 2294 genere
489 2227 592 2292 optime
604 2227 633 2278 C.
646 2227 794 2279 Caesarem
806 2232 1012 2293 praetextatum

204 2295 295 2348 adhue
306 2299 461 2363 accepimus
472 2296 590 2347 dixisse:
610 2295 755 2363 Sirenios,
771 2299 840 2349 rrecle
855 2306 970 2349 cantas:
991 2296 1013 2348 si

203 2366 281 2437 legis,
293 2375 397 2418 contos.
422 2364 537 2429 Quintil.
548 2365 593 2417 tit.
608 2365 628 2416 l.
640 2383 698 2434 cop.
708 2367 733 2417 8.

255 2436 389 2489 itllevaudi
400 2437 471 2486 ratio
482 2442 526 2486 est
538 2435 650 2502 duplex,
661 2443 692 2487 ut
703 2441 752 2486 aut
760 2438 869 2488 reniam
881 2436 951 2502 quis,
964 2443 1011 2488 aut

202 2508 365 2556 iactantiam
382 2507 504 2566 minuat;
521 2505 752 2569 quemadmodum
771 2507 800 2557 C.
812 2508 915 2557 Caesar
929 2508 1010 2559 Pom·

202 2576 286 2638 penio
302 2572 461 2624 ostendenti
483 2574 582 2625 vulnus
598 2590 648 2626 ore
670 2582 816 2642 exceptum
832 2577 859 2625 in
870 2576 1009 2629 seditione

201 2641 366 2704 Sulpiciana,
378 2641 451 2706 quod
464 2643 564 2707 ipsese
577 2658 688 2708 passum
701 2659 751 2711 pro
759 2646 879 2697 Caesare
887 2661 1008 2716 pugnae·

200 2715 254 2756 tem
267 2709 447 2774 gloriabatur,
463 2709 606 2776 nunqnam
611 2711 727 2782 fugiens
739 2714 897 2782 respexerit,
908 2719 1006 2785 iuquit.
