2150 3124
178 231 242 306 vtr
393 227 448 282 us
466 224 610 284 ssuno
629 205 822 285 cannaco?
883 238 885 242 ¹

209 331 396 406 peculiarest,
406 339 514 402 atquae
520 333 638 386 celerem
643 336 726 400 atque
736 321 890 384 instabilem
900 317 1014 384 nictum

207 407 350 467 baberent)
359 403 395 454 ad
405 409 502 455 nutum
512 402 585 456 etad
595 407 702 468 tempus
712 415 806 454 omnes
816 415 861 453 res
872 401 906 452 ab
917 401 952 449 iis
960 399 1016 449 aad·

209 477 439 530 ministrarentur.
475 473 528 524 His
542 473 674 535 dimissis,
692 475 721 523 et
735 475 846 536 ventum
863 475 892 522 et
901 473 1014 521 aestum

209 561 266 596 uno
280 551 403 610 tempore
417 548 514 594 nactus
529 541 694 605 secundum,
703 541 780 606 *dato
791 541 870 608 signo
882 545 910 590 et
920 537 1016 590 sublos
1059 577 1060 588 ,

1056 351 1060 456 l

210 617 245 667 tis
256 617 374 675 ancoris,
380 615 489 664 circiter
499 612 576 664 milia
583 625 714 679 passuum
724 610 776 663 vll
787 610 821 660 ab
831 623 864 661 eo
876 610 939 660 loco
950 621 1012 676 pro·
1059 589 1060 668 i

210 698 335 754 gressus,
346 687 443 750 aperto
453 697 486 733 ac
496 681 579 748 plano
589 681 671 732 litore
682 693 766 731 naves
777 679 929 730 coustituit.

261 753 361 806 XXIV.
396 755 433 814 At
440 751 559 812 barbari,
566 751 681 801 consilio
692 751 879 800 Romanorum
891 747 1014 815 cognito,

210 824 363 894 praemisso
376 821 541 887 equitatuet
551 819 711 881 essedariis,
730 833 784 886 quio
795 819 957 885 plerumque
967 829 1014 883 gc-

210 907 278 960 aere
289 893 315 941 in
327 889 441 956 proeliis
449 889 492 938 uti
503 893 684 950 consuerunt,
697 887 812 954 reliquis
823 888 908 954 copiis
918 887 1013 936 subae-

213 963 285 1024 euti,
303 963 413 1009 nostros
428 956 543 1007 navibus
559 956 654 1024 egredi
668 953 858 1022 prohibebant.
893 957 964 1008 Erat
978 955 1014 1005 ob

211 1030 262 1081 bas
277 1043 388 1080 caussae
404 1025 684 1087 summa-difficultas,
711 1024 785 1092 quod
801 1039 883 1076 naves
899 1029 1014 1091 propter

212 1095 440 1164 magnitudinem,
457 1095 511 1144 nisi
525 1095 555 1144 in
563 1094 640 1156 alto,
660 1095 792 1146 constitui
803 1109 857 1144 non
869 1098 1015 1159 poterant;

212 1167 345 1220 militibus
355 1171 448 1234 autem
458 1165 561 1232 ignotis
572 1163 654 1226 locis,
664 1163 802 1228 impeditis
812 1163 947 1225 manibus,
958 1177 1013 1212 ma·

213 1251 267 1306 gno
283 1242 313 1288 et
327 1237 403 1304 grani
419 1249 558 1286 armorum
576 1248 662 1284 onere
673 1234 826 1300 oppressis,
845 1232 928 1283 simul
939 1231 1015 1283 etde

214 1307 326 1359 navibus
336 1303 533 1366 desiliendum,
543 1309 571 1354 et
580 1305 608 1354 in
618 1302 747 1355 fluctibus
757 1301 976 1364 consistendum,
987 1308 1016 1352 et

213 1393 276 1429 cum
293 1374 418 1426 hostibus
431 1379 492 1426 erat
501 1373 692 1442 pugnandum:
715 1387 796 1442 quum
806 1372 848 1423 illi
859 1375 907 1422 aut
918 1375 953 1422 'ex
963 1371 1016 1422 ari·
1059 1423 1060 1426 ,

213 1447 260 1510 do,
270 1453 318 1498 aut
327 1443 520 1512 paullulumin
530 1458 628 1511 aquam
637 1443 788 1510 progressi,
799 1442 925 1494 omnibus
934 1455 1015 1494 mem·
1059 1445 1060 1464 ³

214 1517 270 1569 bris
285 1515 419 1582 expediti,
440 1515 590 1564 notissimis
606 1513 675 1564 locis
691 1512 823 1565 audacter
832 1509 890 1564 tela
900 1512 1015 1563 coniice-

213 1593 277 1638 rent
292 1591 325 1637 et
339 1599 424 1652 equos
439 1582 607 1638 insuefactos
620 1585 777 1634 incitarent.
812 1583 919 1645 eribus
934 1581 1015 1632 rebus

214 1656 303 1707 nostri
314 1654 468 1722 perterriti,
484 1657 566 1720 atque
576 1651 657 1704 buius
669 1654 780 1704 omnino
791 1653 901 1720 generis
911 1663 1015 1718 pugnae

215 1721 351 1791 imperiti,
370 1737 424 1774 non
440 1722 536 1774 eadem
550 1721 693 1774 alacritate
704 1737 736 1773 ac
746 1721 852 1784 studio,
872 1735 926 1788 quo
936 1721 963 1770 in
973 1733 1015 1786 pe·

213 1793 355 1846 destribus
365 1793 406 1842 uti
417 1791 530 1858 proeliis
541 1792 898 1854 consuerant,·uitcbantur.
1005 1785 1008 1795 '

268 1859 356 1912 XXV.
391 1861 473 1922 Quod
482 1860 529 1912 ubi
540 1860 642 1912 Caesar
651 1862 772 1912 animum
784 1855 915 1924 advertit,
934 1873 1015 1911 naves

216 1929 327 1997 longas,
347 1943 463 1997 quarum
478 1935 507 1982 st
522 1931 627 1996 species
643 1934 704 1982 erat
717 1931 842 1982 barbaris
852 1931 1015 1992 inusitatior,

216 2007 246 2055 et
264 2004 355 2050 motus
369 1999 405 2052 ad
418 2013 497 2050 usum
512 1999 679 2067 expeditior,
697 2000 820 2066 paullum
838 2001 972 2052 removeri
981 1999 1016 2050 ab

216 2069 352 2123 ¹onerariis
371 2069 485 2120 naribus
505 2073 535 2120 et
549 2071 632 2121 remis
647 2070 756 2122 incitari
769 2075 800 2122 et
813 2069 848 2122 ad
858 2069 932 2122 latus
942 2083 1017 2136 aper·

216 2146 276 2192 tum
290 2137 413 2190 hostium
429 2139 572 2206 constitui,
593 2142 676 2208 atque
692 2140 757 2193 inde
773 2139 879 2203 lundis,
902 2140 1016 2208 sagittis,

217 2210 378 2272 tormentis,
393 2207 487 2260 hostes
497 2207 619 2278 propelli
627 2225 661 2260 ac
670 2210 825 2262 submoveri
835 2210 927 2260 iussit:
947 2221 1015 2276 quae

217 2295 264 2332 res
280 2293 380 2348 magno
394 2279 458 2332 usui
472 2279 574 2329 nostris
585 2277 647 2330 luit.
682 2278 753 2331 Nam
766 2285 794 2331 et
804 2281 913 2330 navium
923 2279 1016 2346 ligura,

142 2367 148 2379 ·
216 2353 248 2402 et
260 2352 502 2411 remorum-motu,
523 2353 552 2399 et
561 2348 694 2400 inusitato
705 2363 806 2416 genere
816 2353 1014 2401 tormentorum

217 2421 338 2488 permoti
357 2419 469 2470 barbari
484 2419 679 2482 constiterunt,
699 2433 732 2470 ac
743 2418 869 2484 paullum
884 2417 965 2470 modo
975 2431 1014 2483 pe-

217 2487 283 2540 dem
301 2488 468 2540 retulerunt.
502 2488 593 2555 Atque
606 2488 710 2540 nostris
725 2488 860 2540 militibus
874 2487 1015 2540 cunctanti·

218 2557 281 2620 bus,
291 2560 410 2609 maxime
420 2561 535 2625 propter
545 2557 720 2610 altitudinem
732 2559 831 2622 maris,
843 2559 889 2626 quai
899 2557 1014 2609 decimae
1056 2599 1058 2610 .

218 2624 337 2694 legionis
347 2626 468 2696 aquilam
480 2626 602 2690 ferebat,
617 2633 789 2680 contestatus
801 2627 881 2690 deos,
890 2637 922 2676 ur
932 2639 962 2676 ea
972 2639 1013 2676 res
1055 2614 1058 2630 '

217 2694 322 2762 legioni
334 2695 454 2748 feliciter
464 2697 600 2750 eveniret:
610 2693 727 2750 Desilite
732 2734 741 2762 ,
751 2699 853 2766 inquit,
865 2693 1010 2750 commilito·

216 2779 278 2828 ner,
296 2764 350 2818 nisi
369 2763 453 2818 asine
466 2763 586 2833 aquilem
599 2764 718 2820 lontibus
729 2767 859 2838 podere:
883 2779 931 2836 ego
944 2773 1009 2818 terte
