2134 3148
341 161 595 214 susicana
819 161 871 217 435

76 279 130 314 rum
142 264 268 315 obsidum
281 267 392 314 nomine
404 267 432 314 in
444 265 606 314 servitutem
623 265 726 330 abripi3
756 267 831 316 iisse
844 270 872 316 in

8 357 9 362 ¹
75 335 191 386 miseriis
210 349 342 400 suamque
359 334 441 384 tidem
459 335 675 398 implorantibus
691 337 794 385 auxilio
812 351 873 400 prc-

73 411 132 471 pter
143 406 283 469 copiarum
302 404 470 470 paucitatem
487 419 549 454 esse
566 417 622 453 non
637 419 733 470 posse..
764 405 873 455 Milites

71 475 182 527 interim
202 474 231 522 in
253 488 336 539 opere
356 487 498 535 exercerc,
523 479 615 524 castra
635 475 756 536 munire,
772 480 873 536 turres,

16 607 17 610 Ἴ
73 542 187 594 castella
202 541 293 594 facere
309 543 454 610 molesque
470 545 561 594 iacere
581 545 613 592 in
624 559 701 595 mare
717 559 775 594 non,
787 545 872 594 inter-

72 615 191 664 mittere.

123 681 236 734 xxvii.
255 679 474 746 Scipiointerinr
485 679 647 746 elephantos
658 681 711 733 hoe
721 682 872 732 medecan-

73 750 232 802 d'ucefacere
253 751 387 801 instituit.
424 751 502 800 Duas
520 753 655 802 instruxit
671 753 762 802 acies:
790 767 874 802 unam

73 819 242 870 funditorum
256 827 357 870 contra
371 818 549 884 elephantos,
575 836 645 887 quae
656 823 734 888 quasi
746 821 875 872 adremu-

73 893 173 940 riorun.
195 890 285 940 locum
308 891 450 940 obtineret
471 896 500 939 et
521 897 620 957 eontra
638 907 739 942 eorum.
752 891 873 942 frontem

72 960 213 1011 adversam
226 959 339 1025 lapillus
351 961 621 1011 minutusmitteret:
652 961 751 1012 dehrde
762 963 793 1010 in
802 961 873 1012 ordi

73 1042 134 1080 nem
151 1027 313 1094 elephantos
329 1030 490 1092 constituit:
520 1036 582 1096 post
598 1029 662 1082 illos
684 1037 777 1083 autem
795 1047 874 1082 suum·

73 1100 158 1150 aciem
182 1099 327 1159 instruxit,
350 1104 397 1161 ut,
418 1115 501 1164 quum
521 1100 555 1150 ab
576 1099 746 1152 adversariis
766 1101 872 1165 lapides

73 1169 148 1220 mitti-
168 1169 327 1234 coepissent
344 1174 372 1218 et
388 1168 533 1250 elephanti
547 1173 688 1234 perterriti
710 1185 740 1222 se
756 1169 790 1219 ad
808 1185 873 1220 suos

8 1251 9 1256 ¹
73 1240 284 1300 conicitissent,
296 1253 393 1287 rursus
404 1252 420 1286 a
431 1239 551 1289 suaacle
563 1238 700 1303 lapidibus
713 1240 818 1300 missis,
825 1254 873 1290 eos

74 1313 271 1360 converterent
281 1305 413 1357 adversus
425 1307 545 1371 hostem3
556 1308 627 1375 quod
641 1307 877 1380 aegretardeque

74 1377 172 1428 tiebat:
198 1376 287 1427 rudes
303 1377 376 1426 euim
389 1375 545 1442 elephanti,
575 1378 726 1428 multorum
738 1393 874 1436 annorum

73 1448 199 1498 doctrina
209 1461 319 1527 usuque
327 1450 437 1496 vetusto
449 1447 495 1496 rix
507 1447 614 1508 edocti,
632 1453 727 1498 tamen
737 1449 877 1497 communi

72 1516 214 1584 periculo'
206 1532 235 1564 nr
248 1517 334 1565 aciem
346 1514 545 1580 producuntur.

123 1585 248 1636 XXVlll.
267 1584 340 1634 Dum
352 1583 420 1634 haec
432 1585 470 1634 ad·
481 1586 629 1650 Ruspinam
641 1585 675 1636 ab
688 1588 812 1666 utrisque
826 1585 874 1634 d'u·

71 1658 149 1708 cibus
162 1654 405 1719 administrantur,
425 1656 452 1704 C.
464 1655 610 1720 iirmlius,
637 1655 806 1720 praetorius,
827 1656 876 1720 qui

70 1725 185 1790 'lhapsi,
204 1724 304 1789 oppido
317 1724 469 1786 maritimo,
492 1730 637 1789 ρι’·ιιιιιιιιι,
656 1740 738 1792 quum
752 1723 876 1775 animad-

70 1797 215 1856 vertisset,
236 1809 317 1844 nares
329 1793 453 1860 singulas
465 1809 526 1844 cum
540 1796 661 1846 exercitu
675 1794 840 1856 Caesaris,
832 1797 876 1843 ιιι·

71 1870 162 1916 certas
171 1865 295 1916 locorum
309 1869 391 1930 atque
403 1867 556 1914 castrorum
569 1879 697 1926 suorum,
710 1866 817 1930 sagari,
830 1878 875 1914 oc·

70 1936 215 1987 casionem
226 1939 331 1994 nactus,
343 1939 541 2000 navcn1,quanr
553 1935 590 1984 ibi
602 1933 698 1984 habuit
709 1933 876 2003 actuariam,

70 2005 207 2054 militibus
219 2003 340 2068 crinrplet
352 2009 380 2054 et
398 2004 551 2070 sagittariis
564 2009 591 2054 et
604 2004 692 2054 eidem
712 1995 828 2068 scaphas
838 2003 877 2053 (ιιι

71 2075 186 2130 navibus
198 2073 324 2138 adiungit
340 2075 372 2123 ac
383 2073 508 2138 singulas
524 2088 607 2124 ireres
619 2073 802 2124 Caesarianas
811 2086 874 2121 con-

70 2145 173 2206 sectari
193 2143 292 2208 coepit
328 2143 378 2203 Et,
404 2157 489 2208 quum
509 2142 610 2208 plures
626 2143 760 2204 adortus,
776 2141 871 2206 pulsus

9 2209 10 2232 ³
69 2213 239 2280 fugatusque
255 2210 318 2261 inde
335 2210 521 2272 discessisset,
551 2227 602 2261 nec
613 2219 706 2262 tamen
724 2211 903 2266 usstiurei:-

70 2282 233 2349 periclitari,
255 2279 329 2330 forte
341 2279 454 2330 incidit'
447 2295 479 2328 in
488 2295 606 2340 narem„
622 2281 651 2329 in
663 2284 807 2346 quaerant
817 2278 876 2328 duo

69 2353 137 2404 ''litii
141 2351 276 2416 ,Hispani
288 2349 488 2410 adolescentes,
504 2349 606 2398 tribuni
619 2348 736 2415 legionis
748 2349 875 2416 (plintae,

68 2436 188 2489 quorum
203 2424 313 2484 patrem
324 2419 443 2468 Gaesar'
435 2433 464 2467 ιιι
475 2424 604 2470 senatum
613 2418 740 2485 legerat,
768 2424 796 2468 et
807 2433 881 2468 cuni,

68 2490 113 2541 his
125 2491 157 2540 Τ.
170 2488 312 2549 Salienus,
340 2491 465 2539 centurio
478 2487 596 2554 legionis
607 2487 749 2549 eiusdem,
770 2487 873 2554 quim.

67 2559 230 2612 Messallam
247 2557 372 2624 legatum
390 2557 538 2608 obsederat
550 2557 702 2609 Messanae
714 2562 743 2608 et
758 2555 870 2607 seditio

67 2631 179 2680 sissima
190 2628 318 2678 oratione
329 2626 401 2694 apud
412 2642 474 2677 crini
487 2633 530 2678 est
540 2642 618 2690 usus3
639 2627 869 2692 idemquepeeu·

67 2703 144 2750 niam
160 2705 190 2750 ct
206 2703 370 2774 ornamenta
382 2695 518 2764 triumphi
531 2681 658 2750 Caesaris
672 2697 824 2757 retinenda
839 2702 867 2749 et

575 2767 661 2823 sea
