2180 3140
373 191 521 245 LIBER
554 193 596 246 11.
835 191 885 246 291

86 298 291 364 pruvincimum
301 301 331 349 et
340 298 514 349 exercituum
524 294 689 362 desperatis,
700 312 769 364 quus
781 300 810 348 in
822 296 888 348 Cae·

84 368 155 422 sarie
169 371 336 432 potestatem
351 369 460 418 venisse
476 371 679 434 cognoverant,
710 382 771 418 sese
787 367 888 418 dedere

84 435 144 488 elue
155 435 254 488 fraude
269 437 450 487 constituunt.
489 435 544 488 Sed
560 435 657 502 paucis
669 442 733 488 ante
745 437 843 488 (liebus
854 437 888 488 L

85 506 234 569 Domitius,
251 507 364 573 cognita
374 505 591 556 Massiliensium
602 504 759 568 vuluntate,
773 505 888 556 navibus

85 576 174 628 tubus
186 577 369 642 comparatis,
400 590 434 627 ex
446 575 544 642 quibus
555 575 624 625 (luas
635 573 820 628 luniiliaiibus
832 577 888 626 suis

86 645 261 698 adtribuerent
266 681 275 708 ,
295 660 378 696 uuam
390 646 448 711 ipse
460 644 674 707 conscenderat,
694 653 792 698 nactus
804 645 889 696 turbi-

86 714 150 766 dam
160 720 368 780 tempestatem,
389 713 594 780 estprusectus.
619 714 702 765 llune
713 722 889 782 conspicatae

87 798 185 848 iuves,
205 799 277 850 quau
285 787 364 836 iussu
372 783 456 835 Bruti
466 783 670 836 consuetudine
681 785 843 853 quotidiana
855 784 890 834 ad

88 858 198 920 portum
210 854 400 917 exaestuabant,
428 853 545 905 sublatis
556 853 678 916 ailensis,
703 856 781 923 sequi
793 869 889 920 ctiepe·

88 929 163 976 tunt.
198 924 242 976 Ex
251 923 285 974 iis
297 939 382 976 unum
394 924 481 990 ipsius
499 925 639 990 navigium
651 922 797 976 contendit
808 932 836 976 et
847 922 888 974 fu-

88 1006 155 1059 gete
166 994 353 1056 perseveravit
369 993 530 1062 auxilioque
544 995 719 1059 tempestatis
730 1009 764 1045 ex
776 1008 889 1059 conspe·

88 1068 134 1112 ctu
145 1061 228 1124 ulilit3
259 1061 328 1125 duo,
356 1065 506 1130 perterrita
521 1078 656 1115 concursu
669 1071 828 1115 nostrarum
844 1077 891 1112 liu·

87 1132 178 1193 siam,
196 1132 298 1184 sesain
310 1139 423 1198 portum
433 1140 607 1200 receperunt.
644 1133 836 1184 Massilienses
848 1147 891 1182 ae-

89 1206 338 1269 maneamusque
347 1216 382 1253 ex
393 1203 509 1270 oppido,
529 1210 561 1253 ut
572 1207 616 1253 est
626 1203 805 1269 imperatum,
827 1216 890 1268 pro·

90 1269 198 1334 iesum,
219 1271 790 1338 uatisexpurtuaavalibusqueeducunt,
811 1285 892 1337 pecu·

25 1351 30 1358 ’
90 1342 162 1392 niam
173 1355 208 1396 ex
219 1340 329 1407 publico
342 1341 501 1392 transdunt
537 1343 642 1404 Quibus
653 1342 735 1391 rebus
746 1339 893 1399 conlectis,

91 1410 194 1464 Caesar
204 1411 293 1478 magis
303 1425 353 1466 eus
363 1425 414 1478 pso
426 1413 534 1464 numine
546 1418 574 1462 et
585 1416 732 1469 vetustate,
749 1424 829 1476 quam
842 1423 891 1474 piu

91 1481 197 1538 suerius
208 1480 236 1530 in
246 1494 277 1532 se
289 1482 417 1542 ciuitatis,
438 1495 615 1541 conservans,
636 1479 705 1530 duas
716 1481 753 1532 ibi
765 1479 894 1547 legiones

91 1549 231 1616 praesidio
241 1549 385 1617 relinquit,
395 1556 504 1606 ceteras
514 1551 544 1601 iu
554 1549 664 1602 ltaliam
675 1551 772 1600 mittit:
784 1549 844 1614 ipse
857 1547 893 1598 ud

91 1620 188 1672 urbem
201 1620 393 1685 proficiscitur.

144 1689 244 1740 Xlllll.
262 1689 364 1740 lisdem
380 1691 551 1755 temporibus
568 1689 597 1739 G.
614 1689 709 1751 Curio,
731 1687 892 1738 inilicitum

91 1757 233 1826 protectus
245 1773 280 1810 es
291 1757 400 1820 Sicilia,
431 1766 460 1810 et
476 1761 531 1810 iam
543 1759 577 1810 ab
589 1759 668 1809 initio
680 1760 773 1824 cupias
785 1757 814 1808 P.
827 1757 894 1808 Attii

92 1827 159 1890 Vari
171 1828 341 1895 despiciens,
364 1828 434 1880 duas
449 1829 573 1897 legiones
590 1843 626 1882 ex
643 1836 777 1896 quatuor,
797 1843 866 1895 quas
877 1843 894 1878 a

91 1899 211 1952 Casama
221 1904 375 1964 acceperat,
387 1903 416 1950 et
427 1901 594 1968 quingentos
605 1901 711 1967 equites
723 1905 894 1964 transporta·

90 1968 152 2032 liet3
178 1963 318 2035 Biduoque
340 1974 369 2020 et
390 1969 516 2021 noctibus
530 1970 621 2022 tribus
636 1971 812 2036 navigatione
830 1983 894 2019 con·
927 2021 930 2030 1

90 2040 217 2104 sumptis,
228 2037 345 2103 adpellit
357 2038 392 2089 ad
404 2054 466 2090 eum
476 2038 578 2100 lucum,
590 2040 635 2106 qui
648 2039 804 2105 adpellatur
814 2039 895 2104 Aqui-

90 2105 170 2165 lttifl·
207 2106 262 2162 Hic
277 2107 355 2164 lectis
372 2105 452 2160 abest
461 2124 479 2160 a
490 2109 599 2174 Clupeis
613 2123 743 2174 passuum
755 2107 835 2158 xxti
846 2107 895 2157 ini·

91 2175 137 2236 lia,
158 2174 295 2244 habetque
307 2190 363 2228 nou
373 2177 577 2240 incommodam
587 2183 694 2229 aestate
704 2177 853 2228 etatiunmn
866 2181 895 2226 et

90 2244 197 2300 eunius
208 2245 394 2299 eminentibus
405 2248 602 2313 promunturiis
614 2247 781 2316 continetur.
804 2245 894 2296 lluins

90 2313 239 2374 adveutum
251 2314 284 2365 L.
293 2316 396 2370 Caesar
406 2314 480 2366 tilius
491 2331 552 2366 cum
569 2315 662 2367 domm
673 2315 766 2382 longis
778 2314 894 2364 navibus

89 2382 126 2440 aii
136 2383 270 2449 Clupeam
281 2383 465 2450 praesulum,
498 2399 547 2435 uas
559 2400 644 2436 naves
653 2384 759 2445 Uticae,
770 2398 805 2434 ex
815 2397 894 2449 ppae-

90 2453 193 2513 dnnum
209 2452 282 2506 bellu
296 2453 460 2516 subductas,
513 2490 519 2503 .
531 2456 622 2506 Attius
633 2452 800 2505 reficiendas
810 2451 893 2504 huius

90 2522 156 2582 belli
168 2537 267 2584 caussa
278 2531 434 2585 canapeiat,
448 2525 609 2591 veritusque
619 2525 729 2586 natium
741 2521 892 2574 multitudi·

89 2607 151 2656 uem
163 2608 198 2644 ex
208 2593 267 2650 alto
278 2592 434 2662 refugerat,
455 2594 627 2661 adpulsaque
637 2593 671 2644 ad
683 2595 836 2660 proximum
848 2591 892 2642 lit-

82 2670 134 2718 ,ωε
148 2663 263 2723 triusiae
279 2669 420 2720 consituta
437 2671 465 2716 et
476 2667 504 2716 in
522 2664 616 2720 littore
638 2664 749 2726 iulicta,
778 2663 892 2730 pedibus

89 2733 270 2798 idiomatum
285 2733 461 2804 proruperat:
494 2734 535 2796 (iu
551 2735 680 2803 oppidum
696 2735 724 2786 c.
744 2733 889 2785 Considius
