2134 3148
354 145 607 214 nrnrcnno.
658 201 661 208 Δ
824 144 877 200 css

89 301 93 312 q
130 241 228 316 XXIV.
247 244 340 314 Scipio
352 247 463 298 interim
476 261 536 296 cum
549 248 582 296 iis
594 248 688 312 copiis,
706 263 774 315 quas
785 248 878 313 paullo

81 315 142 366 ante
154 314 419 382 denroustpavimus,
444 316 543 366 ‘Uticae
555 316 654 381 grandi
665 316 804 384 praesidio
815 318 878 368 reli·

78 382 133 446 cto,
144 383 295 452 profectus,
307 385 580 456 primunr-Adrurncti
591 392 684 436 castra
695 387 784 452 ponit:
801 385 879 436 deiu-

8 477 9 480 *
81 455 114 505 de
125 469 225 520 plaucos
234 455 293 504 dics
305 457 342 506 ibi
354 461 557 519 commoratus,
586 461 670 506 noctu
682 457 783 507 itinere
795 454 879 517 facto,

82 539 140 573 rum
157 523 260 574 Pctrcii
280 530 308 574 et
318 524 434 577 Labieni
454 524 540 588 copiis
555 539 584 575 se
599 527 755 591 coniungit:
775 531 880 591 atquc,

8 629 9 636 κ
82 595 145 664 nnis
158 594 255 643 castris
271 591 366 656 factis,
396 596 450 644 trin
466 592 684 660 miliapassuum
696 594 779 661 longe
791 595 880 645 consi-

83 663 158 712 dunt.
178 663 327 728 liquitatus
339 663 447 714 interim
461 677 558 715 eorum
569 665 670 713 circum
684 665 811 715 Caesaris
823 679 880 714 rnu-

83 732 200 780 nitiones
212 734 304 798 vagari
318 739 401 799 atque
413 749 476 794 cos,
499 733 545 802 qui
557 733 706 800 pabulandi
718 739 767 784 aut
778 747 880 800 aquan-

82 800 215 867 digratia
230 807 310 854 extro
322 803 421 853 vallum
437 804 580 871 progressi
599 811 707 865 essent,
739 804 880 869 exciperc3

79 871 121 918 'ita
142 885 237 920 omnes
257 871 429 922 adversarios
450 874 526 922 intro
542 874 710 924 munitiones
730 875 880 924 continere.

64 995 67 999 ¹
83 940 342 1004 tluareCacsariani
355 943 431 1008 gravi
445 957 555 992 annona
565 943 798 1004 suntconllictati‚
809 939 893 1003 ideo,'

80 1009 155 1078 ''quod
171 1009 292 1082 nondum
310 1027 398 1078 neque
416 1011 449 1062 ab
465 1009 571 1074 Sicilia,
603 1027 691 1078 neque
707 1012 741 1063 ab
753 1011 882 1063 Sardinia

83 1085 252 1129 conmeatus
263 1086 441 1146 supportatus
454 1088 527 1140 crat;
540 1097 628 1148 neque
640 1095 688 1147 pcr
699 1082 762 1132 aurii
773 1089 882 1146 tempus

82 1150 109 1197 iu
123 1151 191 1198 mari
204 1150 305 1201 classes
316 1152 375 1202 sine
386 1151 511 1217 periculo
524 1153 617 1217 tuguri
630 1157 771 1217 poterant,
791 1165 882 1217 neque

79 1217 201 1288 ‚emplius
221 1219 296 1269 rniliu
316 1235 447 1286 passuum
470 1235 517 1270 sex
539 1228 630 1272 terrac
650 1219 757 1272 Africae
774 1233 882 1287 qunque

81 1303 177 1338 rcrsus
188 1289 319 1340 tenebant
330 1290 478 1356 pabulique
488 1293 581 1356 inopia
591 1291 793 1356 premebantur.
822 1290 884 1350 Qua

82 1359 249 1408 necessitate
266 1361 354 1410 coacti
371 1363 496 1412 veterani
514 1360 617 1410 milites
633 1361 806 1425 equitesque,
837 1359 882 1423 qui

82 1426 170 1476 inulta
187 1434 265 1478 terra
281 1431 402 1496 marique
419 1428 492 1478 bella
509 1429 691 1479 conticuissent
707 1435 734 1478 ct
752 1427 883 1493 periculis

79 1493 230 1564 'inopiaque
242 1498 290 1547 tali
303 1513 385 1562 saepe
398 1503 491 1562 essent
502 1497 667 1560 conflictati,
701 1498 789 1563 algae
801 1497 883 1548 litore

84 1565 203 1616 collecta
214 1571 242 1618 ct
252 1564 322 1633 aqua
334 1567 406 1616 dulci
420 1567 496 1618 eluta
507 1573 535 1616 ct
546 1568 586 1616 ita
596 1569 727 1618 iumentis
738 1567 883 1618 esurienti·

81 1636 134 1688 bus
145 1635 220 1698 duta,
242 1638 324 1686 ritant
337 1651 432 1687 eorum
444 1637 634 1704 producebant

81 1770 83 1774 ι
135 1705 223 1756 XXV.
245 1705 316 1756 Dum
328 1704 446 1755 inrecito
458 1709 572 1768 tierent,
600 1707 739 1768 rexlubn,
764 1706 883 1772 cognitis

80 1775 213 1835 ,Caesaris
225 1775 432 1826 difficultatibus
444 1777 639 1842 copiarumque
651 1777 801 1840 praecitato,
828 1791 884 1826 non

84 1848 127 1894 est
137 1845 235 1906 risum,
247 1845 308 1896 dari
320 1847 439 1912 spatium
451 1845 670 1905 cnriralcscendi,
683 1844 883 1911 augendarum·

84 1929 137 1980 que
149 1916 209 1965 eius
223 1930 314 1981 upum.
343 1917 449 1981 ltaque,
465 1917 631 1980 comparatis
643 1917 764 1981 equitum
776 1917 883 1982 magnis

81 1983 261 2052 peditumque
273 1985 372 2050 copiis,
394 1983 517 2035 subsidio
529 1985 600 2046 suis,
621 1999 749 2052 egressus
761 2001 775 2034 c
786 1999 883 2050 regno,

82 2067 124 2102 rre
138 2053 291 2104 contendit.
316 2054 335 2104 l‘
356 2055 441 2107 Sitius
452 2055 563 2104 interim
576 2059 605 2104 et
615 2069 662 2103 rex
675 2051 808 2115 Bocchus,
821 2067 883 2102 con-

81 2123 185 2173 iunctis
198 2124 255 2174 suis
267 2125 361 2190 copiis.
375 2124 487 2188 cognito
499 2123 575 2189 regis
586 2124 668 2173 lubae
681 2137 807 2188 egressu,
823 2135 883 2186 pro-

81 2191 146 2262 pius
157 2193 216 2242 eius
227 2207 341 2258 regnum
354 2193 445 2257 copias
458 2206 522 2242 suas
533 2190 679 2242 admovere
686 2227 693 2252 ‚
715 2192 884 2258 Cirtamque,

9 2291 10 2300 κ
84 2261 216 2326 oppidum
233 2263 292 2311 eius
308 2263 386 2328 regui
404 2259 658 2324 opulentissimum,
687 2259 777 2310 adorti
791 2261 884 2326 paucis

84 2330 183 2381 diebus
201 2331 349 2396 pugnando
371 2330 484 2394 capiunt
502 2336 530 2380 et
546 2328 761 2394 praeterca'duo
780 2329 882 2394 oppida

84 2399 282 2450 Gaetulorum:
307 2401 404 2466 quibus
421 2414 504 2465 quum
517 2399 701 2448 conditionem
714 2396 831 2459 ferrent,
854 2407 884 2450 ut

84 2469 187 2536 oppido
208 2469 376 2520 excederent
397 2467 479 2534 idque
497 2468 550 2518 sibi
569 2482 685 2518 vacuum
707 2468 885 2520 transdercnt

83 2539 327 2606 conditionemque
339 2535 541 2604 repudiassent,
557 2543 654 2603 postca
665 2537 698 2587 ab
709 2535 749 2588 eis
762 2539 835 2602 capti
846 2539 884 2588 in·

83 2607 252 2674 terfectiquc
263 2615 329 2658 sunt
340 2623 443 2658 omnes.
458 2605 538 2670 ¹lude
551 2608 698 2675 progressi,
717 2621 798 2674 agros
811 2607 885 2673 oppi-

83 2677 175 2746 daque
186 2691 287 2731 verare
299 2692 352 2728 non
366 2677 511 2748 desistunt.
545 2677 651 2740 Quibus
661 2675 744 2730 rebus
753 2677 884 2744 cognitis,

119 2747 270 2800 tuncrus.
627 2747 677 2800 Ee
