2152 3144
187 137 252 205 tte
398 145 455 202 ua
474 145 618 202 acono
640 148 773 204 cruror

186 255 260 312 reat,
279 242 353 308 aare.
361 248 421 304 eiua
431 247 571 302 iot-tunam
583 251 766 318 despicerent.
795 253 827 305 ln
839 250 891 304 hoc
903 260 985 302 erant

185 333 301 372 nuurero
313 320 469 386 complures
480 317 605 386 Pompeii
615 321 733 383 militem
765 337 847 390 quos,
876 337 911 372 cx
923 323 984 372 cius

187 389 310 442 exercitu
325 395 452 456 acceptos
468 391 496 440 in
512 389 610 457 Syria,
640 389 773 442 Gabinius
788 391 984 442 Alexandriam

185 458 394 522 transduxerat,
407 457 537 526 belloque
549 458 687 524 conlecto,
700 460 775 528 apud
784 459 985 524 Ptolemaeum,

185 533 294 595 patrem
307 529 397 594 pueri,
417 527 580 596 reliquerat

239 597 307 650 ClV.
329 596 382 648 His
392 604 459 648 tunc
469 600 588 666 cognitis
600 596 699 661 rebus,
729 597 810 650 unrici
822 599 910 666 regis,
937 599 984 666 qui

185 671 300 734 propter
319 673 441 738 aetatem
462 669 567 719 elusio
589 670 782 734 procuratione
803 669 985 736 erantregoi,

184 739 242 790 sira
253 738 353 788 timore
364 737 489 802 adducti,
506 741 539 788 ut
548 742 645 804 postca
656 737 864 804 praedicabant,
883 736 984 786 sollici·

183 811 244 858 tato
257 803 381 857 exercitu
395 807 492 873 regio,
522 821 557 858 ne
569 805 717 872 Pompeius
727 805 921 857 Alexandriam
933 809 984 858 Ae-

183 873 354 944 gyptumque
365 881 526 942 occuparet3
541 877 597 927 sice
608 875 738 940 despecta
748 877 807 926 eius
818 874 941 938 fortuna,
951 881 985 927 ut

183 945 347 1012 plerumque
357 945 384 994 in
397 944 556 996 calamitate
567 959 601 996 ex
611 946 707 995 amicis
717 945 821 994 inimici
833 946 985 1006 exsistunt3

182 1015 230 1074 iis,
249 1015 295 1079 qui
306 1019 388 1063 erant
398 1011 432 1062 ab
445 1015 581 1084 eo'niiasi,
600 1013 690 1080 palam
703 1013 858 1064 liberaliter
870 1027 984 1080 respon-

184 1081 287 1134 derunt
297 1097 415 1150 eumque
426 1081 461 1133 ad
471 1098 565 1152 regem
575 1083 827 1136 venireiusacrunt:
838 1083 900 1150 ipsi,
911 1083 982 1134 clara

183 1152 391 1215 consilioinito,
409 1149 549 1215 Achillan,
568 1151 739 1218 praefectum
750 1153 869 1220 regium,
890 1152 983 1218 singn-

181 1221 236 1274 lari
248 1217 388 1274 hominem
400 1221 530 1286 audacia,
554 1229 582 1274 et
593 1222 626 1272 11·
639 1219 815 1288 Septimium,
841 1221 981 1272 tribunum

184 1292 314 1354 nititon,
325 1290 359 1342 ad
371 1291 593 1344 interficiendum
605 1290 764 1358 Pompeium
776 1291 920 1342 miserunt
941 1289 983 1341 Ab

182 1360 225 1414 hia
236 1360 392 1414 liberaliter
408 1361 466 1428 ipse
482 1362 639 1428 adpellatns
654 1367 683 1412 et
697 1361 813 1428 quadam
830 1361 927 1410 notitia
937 1357 984 1410 Se-

180 1432 271 1500 ptimii
282 1429 446 1498 productus,
477 1431 551 1502 quod
566 1429 642 1482 bello
653 1429 823 1498 praedonum
835 1428 908 1496 apud
918 1445 982 1480 curn

181 1501 307 1554 nomnen
328 1500 459 1565 duxerat,
489 1500 642 1552 naviculam
663 1503 804 1568 parvulam
824 1499 983 1552 conscendit

181 1587 243 1622 cum
255 1569 349 1638 paucis
360 1571 432 1634 auis,
461 1577 490 1624 et
500 1571 538 1621 ibi
550 1569 584 1620 ab
594 1570 701 1620 Achilla
713 1577 741 1620 ct
752 1569 887 1636 Septimio
898 1569 984 1620 inter·

179 1642 279 1692 licitur.
305 1641 374 1692 ltem
384 1639 417 1692 L.
428 1639 566 1691 Lentulus
576 1637 819 1706 comprehenditur
828 1639 863 1690 ab
873 1637 984 1706 regeet'

177 1711 207 1762 in
219 1707 345 1760 custodia
355 1717 478 1760 necatur.

232 1777 288 1829 CV.
307 1778 419 1838 Caesar,
435 1791 518 1843 quum
530 1775 558 1826 in
570 1775 661 1826 Asiam
673 1777 804 1835 venisset,
815 1773 983 1840 reperiebat,

177 1845 344 1910 T.Ampium
355 1850 486 1896 conatum
498 1860 558 1896 esse
569 1844 669 1895 tollere
680 1847 811 1909 pecunias
822 1840 932 1908 Epheso
944 1858 981 1894 cx

178 1913 244 1968 suno
256 1913 377 1976 Dianae,
398 1915 514 1983 eiusque
525 1915 565 1965 rei
578 1927 675 1965 caussa
686 1917 827 1963 senatores
838 1925 933 1960 onrnes
945 1927 982 1962 cx

177 1984 319 2056 provincia
335 1997 479 2047 evocasse,
512 1989 543 2034 ut
557 1984 591 2034 iis
608 1983 727 2034 testibus
742 1986 769 2032 in
781 1995 889 2031 summa
899 1993 979 2046 pecu-

178 2056 243 2108 niae
259 2057 400 2116 uteretur3
432 2052 481 2104 sed
496 2051 703 2120 interpellatum
718 2052 837 2102 adventu
850 2051 981 2102 caesaris

179 2123 348 2194 profugisse.
383 2121 544 2176 ltaduobus
559 2121 731 2190 temporibus
747 2119 885 2188 Ephesiae
900 2133 982 2186 pecu-

179 2195 244 2247 niae
256 2195 359 2245 Caeaar
372 2191 505 2244 auxilium
524 2191 598 2244 tulit
633 2191 704 2243 item
720 2190 878 2252 constabat,
900 2189 981 2241 Elide

179 2265 210 2316 in
222 2261 326 2330 templo
338 2261 491 2324 Minervae,
505 2261 634 2328 repetitis
646 2266 730 2328 atque
742 2260 913 2311 enumeratis
925 2259 980 2310 die·

178 2331 240 2395 '³¹1⁸‘
256 2347 311 2399 quo
322 2331 367 2384 die
376 2331 517 2398 proelium
527 2331 680 2384 secundum
691 2329 803 2382 fecisset
814 2331 925 2391 Caesar,
943 2329 979 2380 si-
1062 2339 1063 2348 ¹

178 2403 331 2452 mulacrum
343 2399 492 2464 Victoriae,
503 2400 577 2467 quod
586 2407 653 2451 ante
664 2402 751 2468 ipsam
759 2401 912 2452 Minervam
924 2399 979 2449 col·

178 2467 299 2520 locatum
316 2475 378 2521 erat
392 2476 501 2520 etanta
518 2470 553 2521 ad
569 2469 747 2522 simulacrum
756 2471 901 2520 'Minervae
916 2481 977 2534 ape*

179 2538 286 2600 ciebat,
317 2537 352 2588 ad
375 2539 470 2589 valvas
491 2554 521 2589 ae
535 2539 632 2604 templi
645 2539 785 2606 limenque
802 2538 978 2590 convenisse.

176 2604 340 2672 Eodemque
350 2606 396 2658 die
406 2607 568 2660 Antiochiae
582 2609 611 2658 in
622 2608 705 2676 Syria
717 2611 759 2659 bis
770 2613 865 2659 tantus
874 2607 978 2659 exerci·

179 2677 226 2722 tus
237 2671 341 2726 clamor
356 2680 386 2726 et
401 2679 544 2746 signorum
559 2691 644 2730 sonus
656 2679 803 2730 exauditus
818 2683 875 2739 est,
906 2675 976 2728 utin
