2134 3148
325 186 598 254 nrnrc'n'no.
810 181 864 259 ici

55 307 109 360 cuti
121 305 234 375 poetria
243 304 320 356 milia
329 318 474 372 passuum,
494 317 583 371 usque
599 305 626 354 in
638 303 863 360 collcslrostibus

55 380 165 440 adactis,
176 391 205 428 se
216 375 252 428 ad
262 389 327 427 suos
338 375 486 440 recipiunt.
524 376 628 426 Caesar
638 378 667 426 in
678 375 776 428 horam
789 377 862 429 deci·

54 463 125 500 marn
134 450 332 507 commoratus,
342 445 416 495 sicut
426 449 487 494 erat
498 445 659 509 instructus,
670 461 700 497 se
712 446 748 497 ad
759 462 810 498 sua
820 461 863 499 cas

54 525 113 570 stra
131 518 246 582 recepit,
267 514 395 568 omnibus
416 513 613 566 incolumibus:
632 517 660 566 in
683 532 737 584 quo
754 517 862 583 proelio

54 587 180 640 Pacidius
192 587 315 654 graviter
325 585 381 652 pilo
393 597 441 650 per
453 583 588 637 cassidem
601 592 685 652 caput
696 588 778 648 ictus,
790 601 863 638 com·

54 658 203 723 pluresque
222 657 318 720 duces,
340 669 373 706 ac
389 654 559 706 fortissimus
574 657 700 725 quisque,
720 655 864 708 interfecti

53 728 326 794 uulneratiquesunt.
638 734 642 742 “

105 796 231 848 LXXIX.
249 796 402 864 Postquam
419 793 497 846 nulla
513 796 672 848 conditione
693 812 795 865 cogere
815 795 863 847 ad-v

53 867 192 918 versarios
203 871 324 934 poterat,
339 867 409 916 utin
422 879 541 932 aequum
556 867 645 917 locum
659 867 864 919 descenderent

53 936 250 1004 legionumque
262 935 414 1003 periculum
425 934 564 999 facerent3
576 952 665 1004 noque
675 938 735 1005 ipse
745 937 862 1005 propius

53 1005 162 1058 hostem
186 1011 279 1058 castra
293 1021 397 1072 ponere
419 1013 533 1072 propter
554 1021 644 1075 aquae
659 1011 806 1074 penuriam
829 1021 862 1060 se

53 1091 136 1146 posse
155 1077 409 1138 animadvertebat3
438 1075 613 1128 adversarios
625 1093 680 1128 non
694 1093 790 1129 eorum
806 1078 860 1128 rir.
913 1141 916 1145 Ι

52 1151 116 1200 tute
127 1146 280 1209 confidere,
301 1146 352 1198 sed
362 1161 497 1214 aquarum
511 1149 605 1214 inopia
616 1147 705 1198 fretos
717 1147 861 1215 despicere

54 1233 85 1268 se
96 1217 244 1268 intellexitz
262 1217 352 1284 pridie
364 1217 435 1268 Non.
446 1220 510 1284 Apr.
521 1219 608 1269 tertia
618 1217 716 1285 vigilia
729 1228 862 1283 egressus

54 1287 88 1338 ab
98 1290 184 1354 Agar,
204 1286 270 1340 XV}
282 1287 358 1338 milia
369 1293 450 1339 nocte
464 1301 641 1356 progressus,
662 1286 698 1337 ad
709 1285 862 1352 Thapsum,

52 1358 101 1409 ubi
114 1353 248 1424 Virgilius
259 1372 321 1409 cum
333 1357 433 1426 grandi
447 1357 588 1422 praesidio
604 1361 747 1426 praeerat,
769 1360 862 1406 castra

53 1428 140 1496 ponit,
159 1427 347 1495 oppidumque
359 1441 392 1478 eo
405 1427 450 1478 dic
460 1428 674 1478 circummunire
686 1428 780 1492 coepit
791 1425 865 1476 loca·

54 1511 108 1566 que
122 1496 223 1548 idonea
240 1502 451 1566 opportunaque
463 1497 607 1564 complura
621 1495 769 1562 praesidiis
784 1509 863 1546 occu·
923 1493 927 1504 “

53 1583 136 1635 pare,
154 1565 298 1620 hostesne
310 1571 416 1619 intrare
428 1566 462 1617 ad
474 1583 505 1619 se
517 1582 549 1618 ac
561 1567 625 1617 loca
635 1567 772 1617 interiore
783 1580 864 1630 cape·

53 1653 86 1689 re
98 1643 224 1705 possent.
260 1636 352 1706 Scipio
364 1639 484 1699 interim,
504 1637 622 1704 cognitis
634 1636 762 1686 Caesaris
773 1636 863 1686 consi-

53 1707 114 1769 liis,
134 1706 170 1758 ad
192 1710 389 1760 necessitatem
410 1707 547 1759 adductus
569 1705 734 1769 dimicandi,
755 1721 791 1756 ne
813 1721 864 1772 per

53 1791 193 1828 summum
209 1775 330 1831 dedecus
345 1777 494 1830 fidissimos
505 1778 564 1827 suis
576 1775 658 1838 rebus
670 1775 861 1843 'l'hapsitanos

53 1851 84 1898 ct
96 1846 246 1918 Virgilium
258 1850 414 1912 amitteret,
434 1847 582 1900 confestim
593 1847 742 1899 Caesarem
757 1861 807 1912 per
818 1862 862 1896 su·

53 1917 164 1984 periura
175 1917 238 1971 loca
252 1925 432 1982 consecutus,
453 1919 530 1970 milia
543 1932 675 1985 passuum
687 1922 749 1969 octo
761 1932 778 1968 a
789 1914 861 1967 Tha·
910 1915 913 1922 '

52 1999 104 2054 pso
115 1987 190 2037 binis
202 1992 301 2040 castris
313 1990 449 2040 consedit.
803 1985 806 1991 ’

104 2055 218 2108 LXXX.
236 2059 306 2110 Erat
321 2066 449 2127 stagnum
466 2059 633 2120 salinarum,
654 2058 729 2109 inter
743 2055 817 2124 qnod
834 2061 865 2106 et

53 2140 132 2177 mare
148 2131 294 2194 angustiae
310 2129 446 2196 quaedam
461 2145 516 2180 non
533 2130 650 2194 amplius
666 2127 731 2177 mile
747 2132 776 2176 et
786 2127 865 2194 quin·

59 2196 160 2258 gentos
181 2205 279 2257 passus
300 2198 473 2256 intererant,
499 2210 566 2260 quas
587 2195 680 2264 Scipio
703 2196 810 2244 intrare
829 2199 859 2243 et

58 2257 240 2324 Thapsitanis
256 2261 390 2312 auxilium
407 2261 480 2314 ferre
501 2265 664 2314 conabatur:
687 2262 759 2329 quod
781 2259 867 2311 futu·'

55 2343 119 2380 rum
132 2331 276 2380 Gaesarem
289 2344 343 2380 non
354 2329 504 2383 fefellerat.
539 2333 663 2399 Namque
674 2332 763 2398 pridie
779 2334 806 2380 in
823 2344 857 2382 eo

56 2398 122 2449 loco
140 2398 257 2448 castello
274 2401 394 2459 munito,
409 2401 500 2466 ibique
512 2403 585 2451 trino
598 2401 735 2467 praesidio
749 2399 857 2456 relicto,
945 2413 948 2418 ·

49 2465 113 2530 ipse
125 2480 187 2515 cum
198 2467 314 2534 reliquis
326 2467 413 2533 copiis
424 2467 527 2516 lunatis
537 2463 786 2531 eastris'l'hupsum
797 2478 861 2530 ope·
874 2523 878 2530 .

49 2535 130 2585 ribus
153 2537 382 2587 circunrmunivit.
419 2535 512 2602 Scipio
533 2537 655 2597 interim,
677 2534 807 2585 exclusus
827 2537 861 2584 ab

47 2604 164 2672 incepto
176 2607 286 2670 itincre,
306 2619 391 2673 supra
401 2611 538 2674 stagnum,
558 2610 673 2672 postero
685 2605 729 2656 die
740 2609 769 2654 et
780 2607 868 2655 nocte'

49 2674 194 2738 confecto,
215 2677 296 2738 cocio
312 2677 436 2739 albente,
458 2691 513 2727 uon
524 2677 607 2743 longe
618 2690 635 2725 a
645 2675 744 2726 castris
754 2675 859 2742 praesi-

49 2743 164 2810 dioque,
177 2746 250 2814 quod
261 2761 346 2816 supra
358 2749 645 2823 commemoravimus,
662 2747 715 2798 Mc
725 2745 859 2814 passibus,

28 2849 30 2854 -
83 2817 146 2870 lor..
159 2818 240 2869 Cane.
603 2816 655 2884 (ἒς
