2134 3148
323 187 608 241 sr'sslcsNo.
816 189 878 252 455¹

69 305 134 346 nere
156 305 211 342 non
232 296 397 358 potuerunt3
416 290 688 358 leviqucermatura
709 293 814 344 deserti
836 308 869 344 ac

69 361 141 432 pulsi
163 361 421 428 eonrulneretique,
444 375 499 412 uno
522 363 617 428 equite
640 364 751 426 arruisse,
773 363 869 413 multis

69 432 147 499 equis
158 433 267 494 sauciis,
281 431 349 482 ieris
360 431 629 484 armaturanliVll
638 433 746 493 occisis,
756 431 870 484 adsuos

68 501 242 568 refugerunt.
285 501 346 562 Quo
368 499 488 551 secundo
510 503 633 568 equestri
655 501 764 568 proelio
785 501 870 564 facto,

69 571 161 637 Scipio
174 570 265 620 laetus
281 571 308 620 in
322 575 412 622 castra
423 577 504 621 nocte
520 571 614 637 copias
630 571 752 622 reduxit.
789 571 871 632 Quod

68 641 209 708 proprium
221 639 351 706 gaudium
369 640 537 692 bellantibus
555 641 667 692 l'ortuna
678 643 801 692 tribucre
814 657 871 692 non

68 709 210 762 decrerit:
244 724 362 777 namque
383 716 496 776 postero
519 711 563 761 dic
585 712 687 762 Caesar
709 726 770 761 eum
792 717 870 778 parte

69 781 210 845 equitatus
231 781 274 828 sui
291 778 416 846 Leptim,
438 779 569 832 frumenti
590 783 696 848 gratie,
719 783 801 832 misit.
838 781 871 832 ln

20 852 25 858 '
68 851 169 900 itinere
194 849 375 912 praedatores
396 852 505 914 equites
526 849 660 902 Numidas
680 851 869 919 Gaetulosque

69 919 266 984 eximproriso
283 918 375 971 adorti
390 921 502 971 circiter
518 927 628 971 centum
638 923 746 988 partim
765 923 872 972 occide-

68 993 145 1050 runt,
165 989 266 1053 partim
287 990 412 1040 rivorum
432 990 516 1056 potiti
535 995 608 1040 sunt.
630 992 870 1042 ,Caesarinterim

69 1057 194 1127 quotidie
210 1057 335 1125 legiones
351 1063 380 1110 in
401 1075 525 1126 campum
546 1059 684 1128 deducere
700 1067 784 1129 atque
802 1077 871 1129 opus

70 1131 163 1182 iecere
174 1127 332 1196 vallumque
343 1135 373 1180 et
383 1129 486 1180 fossam
498 1144 548 1196 per
559 1130 678 1182 medium
690 1132 872 1196 campumdu-

70 1214 148 1261 cere,
169 1198 445 1267 adversariorumque
456 1201 671 1252 excursionibus
686 1203 741 1252 iter
759 1200 870 1252 ollicere

70 1285 127 1321 nou
138 1269 309 1323 intermittit.
345 1268 439 1337 Scipio
455 1271 521 1321 item
539 1273 708 1322 munitiones
724 1276 820 1321 contra
832 1270 872 1320 la·

71 1354 143 1402 cere,
154 1344 191 1400 et,
202 1353 236 1388 ne
246 1338 313 1406 iugo
326 1355 342 1390 a
353 1340 471 1392 Caesare
482 1341 685 1403 excluderetur,
705 1341 873 1408 adpropera-

72 1425 111 1461 re.
147 1410 190 1459 lte
200 1407 284 1460 duces
297 1411 407 1476 utrique
418 1412 483 1462 etin
493 1413 632 1476 operibus
644 1412 771 1477 occupati
782 1415 872 1472 erant,
895 1459 903 1470 ,

72 1484 102 1530 et
111 1477 198 1528 nihilo
211 1479 302 1528 atinus
309 1480 485 1546 equestribus
493 1481 608 1546 proeliis
618 1481 694 1531 inter
703 1496 733 1531 se
746 1481 872 1548 quotidie

72 1548 250 1600 dimicabant.

126 1617 211 1668 LXll.
231 1618 345 1669 interim
358 1619 451 1671 Varus
469 1619 602 1683 classem,
624 1635 706 1688 quam
723 1620 875 1672 anteaUti-

74 1703 123 1740 cae
135 1685 234 1740 hiemis
245 1690 338 1754 gratia
347 1689 524 1752 subduxerat,
532 1691 645 1758 cognito
657 1692 775 1758 legionis
782 1690 831 1743 Vll
845 1697 875 1742 et

74 1759 138 1810 Vlll
151 1772 184 1809 ex
200 1757 296 1810 Sicilia
312 1759 446 1823 adventu,
469 1760 599 1812 celeriter
613 1761 724 1812 deducit
739 1761 874 1827 illamque

74 1828 200 1880 Gaetulis
211 1830 362 1895 remigibus
374 1831 545 1898 epibatisquc
557 1832 694 1897 complet3
714 1831 876 1884 insidiandi·

73 1914 127 1965 que
138 1899 228 1964 gratia
239 1899 272 1950 eb
286 1900 363 1951 Utiee
374 1916 549 1969 progressus,
559 1901 738 1953 Adrumetum
751 1917 812 1953 cum
824 1900 875 1953 LV

75 1969 190 2020 navibus
210 1971 345 2035 pervenit.
383 1972 467 2021 Cuius
488 1971 622 2022 adrentus
643 1976 746 2023 inscius
763 1973 875 2032 Caesar,

76 2039 106 2090 b.
118 2038 239 2106 Cispium
255 2055 316 2090 cum
333 2040 423 2092 classe
438 2039 541 2092 XXVll
556 2043 667 2093 navium
685 2043 721 2092 ed
733 2041 875 2107 Thapsum

10 2124 14 2133 ·
76 2123 169 2160 versus
181 2111 207 2158 in
220 2109 379 2172 stationem,
395 2111 525 2176 praesidii
536 2114 627 2179 gratia
639 2115 810 2162 commeatus
821 2109 875 2172 sui,

74 2180 173 2228 mittit:
194 2179 317 2246 itemque
329 2180 361 2241 Q.
372 2180 498 2247 Aquilam
509 2197 569 2232 cum
581 2181 647 2232 Xlll
658 2183 772 2232 naribus
784 2179 875 2245 longis

73 2247 257 2299 Adrumetum
274 2248 369 2300 eedem
390 2249 424 2300 de
439 2265 537 2301 caussa
557 2253 717 2318 praemittit.
754 2250 874 2316 Cispius,

74 2333 128 2386 quo
140 2323 202 2370 eret
212 2319 322 2381 missus,
344 2319 473 2370 celeriter
487 2321 626 2385 pervenit:
645 2321 751 2387 Aquila,
771 2326 876 2384 tempe·

73 2393 145 2438 stete
160 2389 294 2451 iactatus,
317 2391 539 2454 promontorium
553 2405 687 2457 superare
703 2407 757 2441 non
775 2391 874 2457 potuit,

73 2465 156 2525 atque
168 2457 298 2525 ungulum
312 2460 578 2525 quemdamtutuma
588 2467 756 2527 tempestate
768 2465 873 2523 nectus,

73 2544 132 2579 cum
145 2528 233 2580 classe
244 2545 274 2580 se
284 2529 394 2594 longius
406 2535 581 2597 e.prospectu
593 2534 717 2583 removit.
754 2531 874 2599 Reliqua

72 2598 168 2652 elassis
179 2600 206 2648 in
217 2599 277 2650 salo
289 2599 324 2650 ad
334 2597 454 2666 Leptim,
466 2603 585 2668 egressis
596 2603 747 2670 remigibus
757 2603 873 2673 passim·

72 2684 124 2735 que
136 2669 165 2719 in
177 2669 273 2722 littore
283 2671 456 2737 vagantibus,
464 2675 564 2742 partim
576 2677 604 2724 in
616 2674 716 2742 oppido
727 2667 818 2727 rictus
829 2673 872 2726 sui

72 2740 211 2796 intereundi
231 2741 322 2810 gretie
343 2743 508 2812 progressis,
528 2759 615 2800 vacua
639 2761 655 2798 a
677 2747 870 2800 defensoribus
