2168 3134
381 227 533 282 LIBER
567 229 591 282 1.
839 227 896 284 243

314 297 319 320 ¹
638 315 641 324 ¹
813 315 818 332 l

79 324 141 384 'sui
152 345 212 384 eam
223 333 369 398 pecuniam
382 332 521 401 publicam
534 347 597 385 esse
608 331 765 396 constabat,
786 332 894 384 datam·

84 415 139 470 que
155 417 173 452 a
187 401 320 469 Pompeio
335 404 365 453 in
380 401 557 468 stipendium.
586 401 700 454 Milites
716 401 895 456 Domitianus

84 477 292 524 sacramentum
307 472 381 538 apud
395 487 426 524 so
441 471 537 524 dicere
553 471 631 523 iubet
646 477 730 538 atque
747 473 837 524 codic
849 487 893 524 ca·

86 546 259 602 stramovet,
279 541 438 608 iustumque
448 543 503 593 iter
513 542 637 606 coniicit,
658 547 767 607 septem
779 544 894 594 omnino

85 609 148 662 dies
157 609 194 661 ad
205 611 357 662 Corfinium
369 619 567 674 commoratus,
578 617 607 664 ct
617 625 668 678 per
676 612 746 662 lines
757 612 895 664 Marruci-

86 694 202 742 norum,
216 679 431 744 Frentanorum,
452 679 637 745 Larinatium,
647 682 685 732 -in
695 681 823 749 Apuliam
836 697 897 748 perv

88 750 183 805 venit.
812 793 816 804 ,

115 811 125 850 ”
142 817 241 871 xxiv.
261 819 423 887 Pompeius,
437 821 476 870 'iis
486 821 570 872 rebus
580 821 710 889 cognitis,
731 835 803 890 quae
814 827 897 876 erant

3 945 4 966 ,
88 887 126 942 ad
137 888 896 958 Corfiniumgestae,luceriaproficisciturcanusium
954 925 958 929 -

3 971 4 974 ’
87 965 175 1027 atque
192 959 256 1010 inde
267 959 457 1012 Brundisium.
493 963 594 1028 Copias
610 961 734 1030 undiquc
749 975 845 1013 omnes
859 973 896 1012 ex

87 1029 168 1080 novis
177 1029 325 1083 dilectibus
338 1031 374 1082 ad
385 1047 416 1082 se
427 1032 489 1099 cogi
505 1033 596 1096 iubet3
626 1045 735 1094 servos,
764 1037 895 1100 pastores

87 1105 180 1150 arnust
192 1104 275 1168 atquo
286 1098 426 1169 his'equos
437 1103 584 1154 adtribuit:
616 1115 650 1154 cx
661 1101 697 1152 iis
707 1103 820 1154 circiter¹
828 1101 896 1153 ccc

88 1171 198 1237 equites
218 1169 339 1222 coniicit.
375 1171 407 1222 L.
423 1170 547 1224 Manlius
560 1177 674 1238 praetor
688 1171 758 1222 Alba
773 1185 835 1222 com
850 1185 896 1222 co·

89 1236 217 1291 hortibus
227 1255 276 1292 sex
286 1236 421 1308 profugit,
434 1242 555 1293 Rutilius
566 1242 661 1308 Lupus
672 1242 896 1307 praetor'l'arra·

88 1309 234 1361 cinaeum
255 1309 358 1361 tribus:
389 1325 460 1378 quae
474 1311 573 1378 procul
593 1312 749 1378 equitatum
766 1309 895 1361 Caesaris

89 1381 275 1446 conspicatae,
286 1381 330 1432 cui
341 1385 471 1446 praeerat
482 1379 576 1433 Vibius
588 1381 696 1442 Ourios,
706 1379 806 1430 relicto
816 1391 895 1446 prae-
924 1389 929 1394 ·

89 1455 167 1512 tore,
186 1450 266 1517 signa
286 1449 322 1500 ad
343 1448 457 1500 Curium
477 1449 654 1502 transferunt
674 1456 758 1517 atque
779 1449 815 1500 ad
831 1462 897 1500 eum

89 1524 248 1570 transeunt.
274 1520 345 1572 itam
356 1519 471 1588 reliquis
481 1521 630 1572 itineribus
639 1519 789 1570 nonnullae
798 1517 896 1570 cohor-

89 1589 173 1641 tesia
185 1603 286 1657 agmen
297 1590 433 1654 Caesaris,
444 1589 517 1642 aliae
528 1588 556 1640 in
567 1589 675 1658 equites
686 1588 823 1640 incidunt.
844 1587 897 1638 lle-

91 1657 203 1711 ‹lucitur
217 1659 253 1710 ad
268 1675 331 1712 eum
348 1658 538 1726 deprehensus
554 1675 588 1712 ex
603 1660 704 1710 itinere
717 1660 765 1710 Cn.
775 1653 897 1726 Magius,

91 1727 245 1792 Grcmona,
275 1729 435 1796 praefectus
448 1727 562 1782 fabrum
578 1731 627 1780 Cn.
643 1727 783 1796 Pompeii,
813 1739 896 1796 quem

91 1800 196 1850 Caesar
206 1799 241 1849 ad
257 1813 320 1850 eum
332 1801 450 1851 remittit
464 1816 526 1851 cum
542 1800 694 1852 inundatiss
723 1797 899 1868 quoniamst!

91 1868 120 1920 isl
128 1877 232 1934 tempus
237 1867 364 1940 facultas
374 1869 539 1938 colloquendi
548 1889 601 1924 noo
605 1869 712 1942 fuerit,
730 1879 813 1938 atque
823 1869 860 1921 ad
868 1885 896 1919 rr

93 1936 268 1990 Brundisium
278 1939 316 1990 sie
326 1947 462 2008 aleatores,
480 1939 608 1993 interesse
618 1938 781 2008 reipublicae
792 1947 820 1991 et
828 1953 897 1991 cora·

16 2059 18 2066 ,
90 2007 178 2060 munis
192 2007 304 2072 sitietis,
333 2025 361 2060 se
370 2025 430 2061 cara
438 2009 565 2077 Pompeio
581 2009 694 2078 colloqui
700 2026 711 2071 ;
740 2023 899 2077 deprecere

90 2077 159 2129 Mem
166 2076 267 2148 profici
277 2079 358 2148 longo
367 2078 474 2133 itineris
484 2081 587 2148 spatio,
605 2095 685 2148 quum
696 2095 747 2146 per
757 2079 897 2132 olioscou·

91 2147 204 2200 ditiones
210 2149 360 2219 ferantur,
388 2165 420 2202 sc
430 2149 454 2202 si
463 2165 554 2206 coram
564 2152 596 2203 de
606 2148 725 2202 omnibus
736 2147 896 2210 conditioni.-

91 2217 140 2269 lms
150 2217 324 2286 disceptetur.

142 2287 228 2341 XXV.
250 2287 303 2340 His
314 2289 387 2340 datis
401 2287 555 2352 mandatis,
586 2287 765 2341 Brundisium
781 2301 842 2339 cum
856 2286 895 2338 le'·

89 2357 221 2426 gionibus
232 2360 424 2426 surpervenit,
435 2361 572 2410 veteranis
577 2359 677 2418 tribus,
687 2356 816 2425 reliquis,
826 2370 898 2424 ipsas

90 2443 126 2480 ex
138 2445 209 2480 noro
225 2429 330 2484 dilectu
346 2427 507 2482 coniecerat
522 2434 605 2496 atque
621 2429 649 2479 in
661 2427 758 2478 itinere
776 2425 895 2491 compilo-

91 2504 183 2550 rarat:
198 2499 374 2550 Domitianas
385 2500 457 2550 eninr
469 2496 598 2550 ‘cohortes
610 2497 738 2564 protinus
750 2496 895 2548 aCorhnio

89 2568 120 2621 in
132 2565 253 2620 Siciliam
263 2570 399 2621 roiserat.v
412 2569 540 2635 Reperit,
549 2567 677 2621 consules
687 2563 893 2634 Dyrrhachium

91 2637 230 2706 proiectos
242 2653 304 2690 cum
316 2653 418 2706 magna
428 2645 508 2707 parte
518 2639 667 2700 exercitus,
682 2636 843 2703 Pompeium
854 2649 894 2686 re

90 2722 205 2764 manem
222 2707 365 2760 Brundisii
388 2725 448 2760 eum
471 2708 632 2762 cohortibus
653 2707 763 2778 uginus
779 2708 900 2772 tneque·

4 2785 7 2794 ’
91 2783 197 2834 mnam
207 2779 326 2832 inveniri
336 2785 456 2845 poterat,
473 2779 654 2834 vermendiso
664 2776 805 2882 Brundisii
817 2789 891 2828 cau*

3 2863 5 2888 l
626 2853 686 2909 ‘i'-
