2152 3144
184 221 237 276 ιιιι
376 221 566 275 suumn
584 219 639 272 ns
656 195 800 274 sunno

184 325 230 379 ilie
244 316 372 394 ternpore
384 324 610 393 postmeridiano,
632 339 715 392 qunm
726 321 908 376 in‘bssilicam
919 308 990 390 tier.

184 398 296 463 quidam
317 397 456 458 Minucius
476 392 546 456 Silo,
568 393 654 445 cliens
670 391 702 444 L.
719 395 826 455 liacilii,
847 393 990 458 libellum,

185 468 263 534 quasi
274 465 380 533 aliquid
391 466 425 517 ab
437 478 470 516 eo
480 463 646 530 postularet,
658 469 690 512 ut
700 463 789 527 miles,
810 464 836 515 ei
847 463 989 531 transdit3

186 535 287 601 deinde
298 541 363 601 post
374 533 524 596 Racilium,
546 533 661 596 (samis
672 531 746 583 latus
759 533 848 584 Cassii
857 533 987 601 tegebat)

185 605 265 673 quasi
276 607 440 671 responsum
451 603 485 664 nb
497 617 531 654 eo
546 606 670 668 peteret,
692 599 824 654 celeriter
835 601 900 654 (lato
912 601 990 666 loeo,

185 689 269 743 quum
280 689 311 726 se
322 675 499 736 insinuasset,
506 672 621 723 sinistra
631 671 747 737 corripit
753 671 863 723 versum
873 671 990 724 dextra·

184 759 237 812 que
248 745 291 795 bis
302 742 369 795 ierit
378 743 515 810 pugione:
544 741 670 794 Clamore
681 740 802 804 sublato,
822 742 854 792 tit
863 756 881 792 a
891 742 989 792 coniu-

153 825 155 828 ·
184 813 255 864 ratis
270 813 391 878 impetus
409 811 557 862 universis.
593 811 735 862 Munatius
756 810 872 862 Flaccus
892 811 989 877 proxi-

183 897 257 943 mum
271 881 366 948 gladio
384 880 523 932 transiicit
535 880 678 945 lictorem:
697 877 751 931 boc
766 878 931 942 interfecto,
943 879 988 942 ’(ὶ.

184 951 310 1002 Cassium
321 949 444 1016 legatum
454 949 591 1002 vulnerat.
627 950 667 1001 lbi
679 950 711 1000 Τ.
722 947 822 1002 Vasius
834 955 862 1000 et
871 949 905 1001 L.
910 950 989 1001 Mer·

110 1075 120 1086 ⁹
183 1018 990 1155 illeliusilllllellllllllll*tituil:

183 1158 343 1226 Longinum
353 1157 386 1208 L.
396 1156 518 1209 Licinius
528 1155 651 1226 Squillus
662 1156 778 1221 involat,
793 1159 990 1226 iacentemque

185 1228 292 1281 levibus
303 1227 411 1280 sauciat
421 1227 519 1294 plagis.
745 1271 750 1279 .

229 1296 302 1348 Llll.
320 1298 502 1349 Concurritur
512 1295 903 1349 adcessiumtlefendendum:
914 1311 991 1346 sem-

152 1383 155 1388 ·
187 1381 237 1435 per
247 1367 322 1419 enim
332 1367 453 1418 berones
468 1367 679 1434 compluresque
696 1373 825 1418 evocatos
842 1366 990 1417 comiciis

185 1452 279 1490 secum
291 1435 394 1488 habere
405 1443 601 1488 consueverat:
621 1437 746 1503 aquibus
757 1436 843 1488 ceteri
854 1435 991 1486 interclu-

185 1507 304 1568 duntur,
324 1507 372 1573 qui
382 1506 417 1558 ad
429 1503 541 1558 caeilem
558 1505 714 1558 faciendam
731 1506 991 1572 subsequebantur:

186 1589 240 1644 quo
252 1576 281 1624 in
292 1589 409 1627 numero
421 1574 475 1626 fuit
486 1567 650 1642 Calpurnius
658 1575 803 1626 Salvianus
815 1581 843 1626 et
853 1573 991 1625 Manilius

182 1644 335 1696 'l'usculus
371 1645 512 1706 Minucius
530 1647 606 1698 iuter
625 1659 702 1707 saxu,
717 1660 788 1711 quae
808 1644 939 1694 iacebant
959 1644 992 1693 iri

186 1713 299 1775 itinere,
310 1713 422 1780 fugiens
433 1715 600 1780 opprimitur
609 1719 646 1774 et,
658 1713 751 1765 relato
759 1713 871 1764 domum
882 1713 992 1773 Cassio,

188 1781 224 1832 ad
234 1796 296 1832 eum
307 1781 462 1843 deducitur.
493 1783 619 1834 Racilius
628 1783 658 1832 in
670 1783 823 1848 proximam
833 1795 865 1832 se
875 1780 993 1832 domum

188 1847 336 1902 familiaris
347 1851 391 1900 sui
402 1850 520 1914 confert,
530 1853 595 1903 dum
606 1857 712 1903 certum
725 1855 992 1917 cognosceret‚con·

189 1918 316 1986 lectusne
328 1919 440 1971 Cassius
452 1927 536 1972 esset.
573 1920 604 1971 ¹1·
616 1919 793 1982 Laterensis,'
799 1933 882 1986 quum
891 1919 920 1970 id
933 1931 992 1971 non

188 1988 339 2056 dubitaret,
348 1988 473 2040 adcurrit
483 1989 572 2042 laetus
581 1991 610 2041 in
621 1995 723 2052 castra,
745 1987 878 2039 militibus
890 2003 992 2042 vernu-

189 2055 260 2110 culis
269 2064 299 2110 et
307 2058 444 2111 secundae
454 2058 587 2126 legionis,
601 2059 705 2125 ‘qulbus
717 2058 781 2109 'odio
793 2058 899 2109 sciebat
908 2071 991 2124 proc·
1017 2097 1020 2114 .

190 2129 271 2196 cipue
283 2129 407 2180 Cossium
420 2144 494 2190 esse,
513 2128 686 2197 gratulator:
707 2129 818 2179 tollitur
832 2143 849 2178 ιι
864 2125 993 2181 multitu·

190 2197 256 2250 (line
268 2200 296 2248 in
307 2198 439 2260 tribunal,
448 2207 562 2266 praetor
571 2198 742 2264 adpellstur:
765 2212 845 2248 neino
857 2197 928 2249 enim
940 2193 993 2246 but

191 2269 377 2334 io'provineia
396 2274 487 2331 natus,
507 2267 740 2320 autvernaculce
759 2268 879 2332 legionis
898 2265 991 2327 miles,

191 2344 241 2402 sut
251 2336 436 2390 diuturnitate
447 2339 501 2390 iam
514 2338 605 2392 lactus
621 2337 816 2404 provincialis,
837 2349 890 2403 quo
900 2335 929 2406 in
941 2339 991 2384 iru-

192 2420 269 2458 mero
286 2413 347 2458 erat
366 2408 488 2460 secunda
507 2407 590 2476 legio,
601 2416 738 2460 noricum
759 2406 834 2458 omni
851 2405 993 2472 provincia

195 2483 375 2528 consenserat
384 2479 413 2527 in
424 2477 487 2528 odio
500 2478 601 2537 cassii:
612 2491 674 2528 num
684 2477 810 2543 legiones
819 2473 993 2526 tricesimam

195 2549 225 2593 et
235 2543 393 2595 vicesimam
403 2547 630 2614 primam‚paucis
640 2546 781 2597 mensibus
792 2546 821 2594 in
831 2541 914 2595 ltalia
923 2542 998 2592 scri·

195 2616 270 2692 ptesn,
284 2613 392 2692 ¹(lacessi-
401 2615 575 2667 attribuerat
589 2615 733 2682 Longin03
752 2616 846 2682 quinta
855 2611 931 2680 legio
942 2613 999 2662 iru-

194 2678 620 2806 oerssnffirssffinncgzhm
639 2741 796 2818 Lauronen-
811 2751 905 2804 r'rrcre
925 2741 991 2802 Cu·
