2152 3132
188 205 224 260 to
369 205 428 256 DE
449 203 590 260 Baubo
613 199 800 258 enbbtco

189 312 227 362 sis
242 309 353 362 circiter
367 307 418 360 xl.
438 309 566 373 navibus,
580 309 707 378 ,reliquae
717 312 811 361 tamen
822 305 898 358 retici
910 315 998 373 posse

189 395 290 448 magno
302 381 413 446 negotio
425 377 593 430 riderentur.
631 381 729 446 ltaque
740 391 774 430 ex
785 375 941 446 legionibus
955 375 998 428 fa·

188 449 255 501 bros
277 449 381 517 delegit
403 452 432 499 et
452 463 487 499 ex
505 450 658 504 continenti
674 449 744 500 alios
759 447 886 510 arcessiri
900 445 997 509 iubet,
1056 493 1057 496 ,

191 519 314 570 Labieno
326 519 435 581 scribit,
449 524 494 580 ut,
512 533 594 590 quam
605 519 737 585 plurimas
748 523 849 584 posset,
864 517 896 566 iis
908 516 998 582 legio·

192 589 284 650 nibus,
307 604 377 656 quae
399 589 454 638 sint
475 588 548 654 apud
570 603 640 657 euni,
649 603 732 639 nares
747 590 884 639 instituat.
924 585 997 652 lpse,

190 658 243 707 etsi
260 673 304 710 res
321 663 383 710 erat
396 657 502 710 multae
518 672 618 726 operae
635 673 668 708 ac
678 657 793 720 laboris,
816 663 909 709 tamen
922 668 998 706 com·

192 728 380 780 modissimum
403 743 464 779 esse
485 729 597 790 statuit,
624 741 719 779 omnes
736 743 820 782 naves
837 726 952 782 subduci
969 729 999 776 ct

193 813 254 848 cum
266 799 363 849 eastris
374 813 429 848 una
439 798 591 848 munitione
602 798 739 865 coniungi.
760 798 791 848 ln
804 795 847 848 his
858 795 997 848 rebuscir·

193 868 261 918 citer
271 867 330 918 dies
341 866 436 918 decem
449 868 594 930 consumit,
606 881 641 920 ue
651 869 793 918 nocturnis
804 867 917 934 quidem
928 871 1000 916 tem·

193 937 307 1004 poribus
323 935 358 986 ad
374 935 497 988 laborem
508 936 626 987 militum
638 939 812 987 intermissis.
848 935 1000 986 Subductis
1058 967 1059 996 ,

108 1021 110 1024 ·
194 1006 307 1056 navibus
327 1007 479 1072 castrisque
495 1009 606 1073 egregie
621 1007 747 1068 munitis,
766 1005 877 1056 easdem
894 1005 1000 1069 copias,
1058 997 1059 1050 i

193 1089 263 1142 quas
278 1079 355 1136 ante,
382 1075 520 1140 praesidio
537 1075 652 1128 naribus
668 1076 790 1142 reliquit:
813 1076 872 1140 ipse
888 1073 999 1134 eodem,
1050 1071 1059 1122 ,ἓ

193 1143 266 1194 unde
277 1142 412 1206 redierat,
429 1146 620 1210 proficiscitur.
644 1145 686 1196 Eo
697 1161 779 1212 quum
792 1146 922 1204 venisset,
940 1157 1000 1192 ma-

193 1215 267 1265 iorcs
278 1214 334 1264 iam
344 1214 465 1282 undique
476 1216 504 1266 in
516 1231 578 1266 eum
590 1215 686 1266 locum
696 1214 1000 1282 copiaeBritannorum'

195 1288 394 1347 convenerant,
414 1300 522 1336 summa
531 1287 640 1352 imperii
651 1284 773 1352 bellique
784 1281 996 1334 administrandi

195 1355 333 1408 communi
345 1355 460 1406 consilio
471 1357 605 1420 permissa
612 1355 828 1417 Cassivellauno,
844 1353 998 1405 cuiuslines

194 1439 212 1476 a
223 1426 368 1475 maritimis
379 1427 536 1476 civitatibus
547 1425 647 1478 ssumen
660 1425 770 1488 dividit,
792 1422 866 1492 quod
877 1421 999 1488 adpella-

194 1500 242 1546 tur
252 1495 390 1558 Tamesis,
412 1511 429 1546 a
443 1496 514 1546 mari
531 1497 641 1548 circiter
657 1496 732 1546 milia
744 1507 874 1562 passuum
885 1491 998 1543 LXXX.

195 1565 269 1616 Huic
280 1567 424 1630 superiore
435 1571 560 1632 tempore
572 1581 634 1632 cum
645 1564 759 1633 reliquis
771 1563 927 1616 civitatibus
934 1576 998 1614 cou-

196 1636 312 1696 tinentia
322 1634 396 1686 bclla
406 1637 629 1687 intercesserant:
644 1635 695 1686 sed
707 1633 997 1698 nostroadventuper·

195 1705 263 1756 moti
278 1704 406 1755 Britanni
426 1703 497 1754 bunc
517 1707 570 1756 toti
585 1705 659 1756 bello
673 1707 844 1773 imperioque
859 1699 996 1770 praefece-

194 1777 267 1826 rant.
819 1783 820 1786 ’

162 1845 166 1855 ’
230 1841 290 1892 Xll.
311 1841 474 1895 Britanniae
484 1857 548 1910 pars
558 1845 673 1896 interior
683 1843 718 1896 ab
728 1845 763 1895 iis
774 1843 912 1905 incolitur,
928 1855 995 1910 quos
1058 1885 1059 1890 ,

196 1917 276 1962 natos
287 1912 316 1962 in
327 1913 419 1964 insula
429 1914 489 1978 ipsa
499 1915 631 1965 memoria
643 1914 781 1982 proditum
794 1915 900 1966 dicunt:
917 1913 996 1962 mari·

196 1982 264 2032 tium
274 1992 339 2047 pars
350 1982 384 2033 ab
395 1983 444 2046 iis,
465 1984 511 2050 qui
523 1984 643 2050 praedae
654 2000 688 2036 ac
698 1985 762 2036 belli
774 1981 911 2036 inferendi
922 1996 995 2032 caus
1058 2029 1059 2052 ζ

195 2065 227 2102 sa
242 2065 276 2102 ex
287 2051 381 2118 Belgis
399 2054 580 2116 transierant3
601 2057 647 2121 qui
659 2069 754 2106 omnes
767 2053 826 2105 fere
837 2054 872 2104 iis
882 2051 995 2102 nomini-

195 2121 246 2174 bus
256 2122 398 2173 civitatum
410 2122 601 2188 adpellantur,
616 2125 714 2191 quibus
726 2125 780 2176 orti
793 2137 828 2176 ex
838 2121 993 2175 civitatibus

195 2205 230 2244 so
245 2197 432 2260 pervenerunt
447 2198 476 2244 et
485 2193 559 2245 bello
570 2195 649 2246 illuto
661 2195 698 2245 ibi
709 2197 903 2245 remanserunt
913 2194 994 2260 atque

194 2275 276 2344 agros
292 2260 383 2314 colere
399 2269 558 2331 coeperunt.
593 2265 744 2317 Hominum
755 2263 917 2317 estintinita
927 2259 992 2312 mul·

193 2331 285 2383 titudo
302 2333 524 2400 creberrimaque
540 2335 679 2399 aedilicia,
704 2333 763 2386 iere
779 2332 894 2386 Gallicis
910 2331 992 2382 consi·

194 2401 284 2452 milia:
307 2415 438 2468 pecorum
455 2419 570 2472 magnus
581 2420 720 2456 numerus.
754 2405 877 2456 Utuntur
891 2405 991 2454 antae·

194 2485 240 2532 re,
254 2475 303 2521 aut
314 2470 395 2522 taleis
407 2472 518 2537 ferreis,
539 2473 574 2524 ad
586 2480 692 2526 certum
701 2474 809 2542 pondus
821 2470 990 2533 examinatis,

194 2553 245 2606 pro
260 2552 387 2591 nummo:
418 2541 548 2595 Nascitur
562 2544 602 2595 ibi
611 2542 754 2610 plumbum
765 2543 859 2596 album
870 2545 899 2594 in
909 2539 990 2594 medi·

193 2609 331 2660 terraneis
342 2611 513 2678 regionibus,
535 2613 562 2664 in
575 2612 723 2664 maritimis
735 2613 851 2677 serrum
873 2611 922 2662 sed
933 2607 989 2661 eius'

193 2677 294 2750 exigua
309 2682 454 2747 cstcopia:
476 2697 539 2733 aere
550 2687 667 2734 utuntur
677 2683 836 2749 importata.
872 2677 989 2732 Materia

192 2744 324 2815 cuiusque
339 2751 463 2816 generis,
484 2751 554 2804 utin
574 2750 678 2818 Gallia,
698 2759 754 2818 est,
774 2750 989 2822 praeterlegunt
