2134 3148
185 163 237 215 436
374 165 403 214 Α,
425 162 559 214 IIIR'l‘II
578 163 634 214 or:
655 162 796 216 BELLO

186 267 303 320 cebet-in
314 269 411 332 aciem,
421 267 495 336 quod
505 268 758 319 tictoriae'suorum
769 267 922 332 diffideret3
933 269 987 320 sed

184 337 292 389 referre
302 339 503 399 arbitrabatur,
532 339 688 388 cuiusmodi
698 341 815 390 victoria
827 345 900 390 esset
911 338 988 389 futir-

182 423 228 458 ra:
239 416 322 474 turpe
333 409 405 458 enlm
418 409 470 459 situ
482 408 666 470 exlatimabat,
681 415 725 458 tot
735 410 818 460 rebus
830 401 916 476 gestis
926 417 988 456 tan·

180 480 275 544 tisque
290 479 457 529 exercitibus
473 477 600 540 devictis,
629 483 746 528 tottam
763 479 847 530 claris
861 478 989 527 victoriis

181 551 284 614 partis,
302 549 336 598 ab
348 549 462 616 reliquis
474 548 561 612 copiis
571 547 793 598 adversariorum
806 562 932 604 suorum,
952 561 989 596 ex

181 617 252 684 fuga
263 617 395 679 collectis,
407 634 437 669 se
448 623 589 668 cruentam
601 616 732 682 adeptum
743 618 990 668 extstimarivieto-

181 689 262 738 'riaun
299 688 397 756 Itaque
410 689 606 748 constituerat,
631 686 990 753 gloriumexsultationem·

180 765 235 824 que
247 773 344 807 eorum
360 761 430 824 pati,
461 757 551 808 donec
564 757 615 806 sibi
631 761 826 807 veteranarum
843 756 989 823 legionum

180 841 246 893 pars
257 828 349 892 aliqua
360 831 387 877 in
399 827 521 878 secundo
532 822 688 877 commeatu
699 829 876 877 occurrisset.

236 896 348 947 XXXII.
369 897 462 963 Scipio
475 897 597 958 interim,
616 896 780 964 paullisper,
799 900 907 946 utente
921 897 991 957 dixi,

181 970 209 1018 in
223 981 256 1016 eo
272 965 334 1016 loco
346 973 549 1028 cornuuuatus,
580 972 612 1015 ut
626 969 703 1032 quusi
716 967 876 1032 despexisse
888 965 992 1015 Cacsa-

182 1051 243 1087 rom
258 1036 412 1097 rideretur,
444 1035 587 1102 paullatim
606 1035 714 1086 reducit
725 1051 788 1086 suas
800 1037 894 1102 copias
905 1037 935 1084 iu
948 1051 992 1086 ea·

183 1110 244 1156 stra
256 1110 294 1167 et,
315 1105 448 1156 concione
460 1105 611 1166 advocata,
634 1105 785 1157 deterrere
796 1121 846 1157 suo
857 1104 991 1170 despera-

182 1177 315 1242 tioneque
327 1177 466 1226 exercitus
479 1175 607 1225 Caesaris
617 1177 703 1226 verba
711 1175 780 1226 facIt
791 1182 833 1237 et,
848 1174 990 1235 ,cohorta-

183 1249 232 1295 tus'
241 1260 319 1308 suos,
349 1245 491 1295 victoriam
506 1246 648 1312 propriam
663 1261 693 1295 se
704 1248 748 1296 'eIs
763 1246 842 1296 brevi
856 1244 990 1296 daturum

184 1315 341 1384 pollicetur.
378 1317 481 1366 Caesar
496 1315 575 1366 iubet
589 1314 692 1365 milites
707 1329 803 1365 rursus
819 1315 853 1365 ad
865 1331 936 1382 opus
947 1331 991 1366 re·

185 1386 294 1448 diruet,
312 1400 363 1452 per
374 1399 498 1436 caussam
510 1384 711 1445 munitionum,
732 1387 838 1436 tirones
850 1384 878 1433 in
891 1385 990 1436 labore

179 1455 342 1523 'defatigare
360 1470 415 1507 non
433 1455 602 1506 intermittit.
639 1453 753 1504 Interim
767 1452 904 1506 Numidae
916 1453 991 1505 Gae-

179 1527 291 1593 'tuIIque
301 1524 436 1594 diffugere
447 1526 571 1593 quotidie
583 1525 728 1574 excestria
741 1522 877 1589 ScipIonis
884 1530 917 1576 et
924 1539 992 1590 par·

179 1597 233 1646 'tim
246 1598 275 1644 in
286 1611 403 1663 regnum
415 1611 443 1646 se
455 1595 584 1646 conferre
590 1631 598 1656 ,
619 1594 732 1658 partim,
754 1593 827 1661 quod
838 1595 891 1660 ipsi
905 1597 993 1645 nraio-

184 1681 285 1732 resque
301 1681 394 1716 eorum
412 1666 547 1717 beneficio
564 1665 593 1714 C.
607 1663 690 1713 Marii
704 1664 745 1712 usi
761 1662 881 1714 luissent
891 1665 992 1716 Caesa·

183 1749 301 1801 remque
313 1737 373 1784 eius
384 1735 502 1786 adtinern
515 1749 577 1798 esse
592 1732 755 1795 audiebant,
782 1734 813 1782 in
825 1736 885 1784 eius
897 1736 993 1785 castra

184 1803 335 1870 perfugere
346 1806 507 1854 catervatim
517 1819 571 1854 non
583 1803 781 1853 intermittunt.
817 1802 943 1863 Quorum
956 1820 994 1856 ex

183 1883 301 1924 numero
313 1872 409 1923 electis
421 1872 578 1923 hominibus
588 1871 796 1936 illustrioribus,
808 1872 949 1938 Gaetulis,
961 1883 993 1927 et

184 1943 287 1994 Iltteris
298 1943 334 1992 ad
344 1957 408 1994 suos
419 1945 491 1993 cives
503 1942 586 2004 datis,
607 1940 782 2004 cohortatus,
803 1944 846 1993 uti
855 1959 938 1994 manu
950 1945 992 1996 fa-

179 2017 231 2064 ·eta
245 2028 275 2064 se
289 2025 410 2080 suosque
426 2012 610 2063 defenderent
625 2018 666 2074 et,
698 2028 731 2062 ne
743 2014 799 2063 suls
811 2013 930 2064 immicis
943 2017 991 2066 ud-

182 2083 370 2148 rcrsariisque
381 2083 454 2132 dieto
466 2081 610 2134 audientes
621 2093 723 2144 essent,
744 2084 838 2133 mittit.

236 2152 362 2204 XXXIII.
381 2153 452 2204 ilum
465 2151 534 2203 haec
545 2152 579 2202 ad
591 2151 740 2219 Ruspinam
751 2151 834 2216 fiunt,
856 2152 943 2221 legati
955 2170 992 2208 ex

183 2222 300 2285 ilchilla,
319 2224 431 2274 civitate
440 2223 542 2285 libera,
562 2224 646 2272 etiam
658 2223 780 2289 undique
792 2222 827 2273 ad
839 2225 991 2275 Caesarem

180 2295 305 2356 ¹ueniunt,
314 2307 397 2359 ,reque
405 2301 528 2360 peretot,
546 2306 728 2357 procerumque
737 2292 904 2360 imperasset,
919 2302 948 2344 et
959 2295 994 2345 li-

180 2362 258 2415 denti
269 2363 359 2415 ont'mo
364 2362 494 2434 facturos
506 2362 686 2429 pollicentur:
698 2371 806 2414 tantum
817 2379 896 2414 orere
907 2372 935 2414 et
942 2379 993 2430 pe-

184 2441 241 2484 tere
251 2433 285 2483 ab
295 2450 339 2495 eo,
369 2431 461 2483 esttibi
467 2431 633 2499 praesidium
644 2431 736 2494 daret,
762 2447 813 2498 quo
824 2433 910 2484 tutior
920 2432 953 2490 id
963 2444 992 2485 et

183 2502 241 2553 sine
248 2503 368 2568 periculo
374 2501 472 2570 fatere
479 2509 603 2568 possent:
613 2517 640 2551 te
650 2500 863 2572 etsrurnentom,
875 2511 993 2567 etpuue-

182 2581 293 2636 'cumpue
312 2587 355 2620 res
369 2571 407 2620 eir
422 2579 589 2637 suppeteret,
618 2570 763 2622 communit
777 2571 874 2624 salietis
888 2572 991 2640 gratia

182 2638 444 2690 suintinistraturos.
473 2640 579 2699 Quibus
590 2640 673 2690 rebus
685 2640 768 2692 facilc
781 2657 797 2692 a
808 2643 927 2693 Caesare
938 2644 991 2692 im-

182 2709 299 2770 'atratis
316 2707 510 2773 praesidioque
525 2708 604 2769 dato,
635 2709 664 2760 c.
682 2710 831 2773 Messium,
861 2711 991 2764 aedilitia
