2168 3134
196 169 249 224 210
385 171 441 224 DE
460 171 602 226 BELLO
623 169 807 225 Gothico

197 276 296 328 abesse
308 276 369 343 pius
381 277 472 326 minus
485 283 549 327 octo
562 276 674 327 ouilibus
687 277 863 339 dicebantur,
885 277 1000 329 tametsi

196 344 311 397 iiumioe
328 346 491 412 impeditum
505 347 654 396 transitum
666 347 791 408 ridebat,
811 351 905 397 tomen
919 361 1000 397 exer-

197 416 252 466 citu
267 415 429 466 transducto
441 415 626 482 progreditur.
663 419 698 468 nt
710 415 851 466 Bellovaci
863 415 1001 482 reliquae·

171 521 173 526 -
197 501 249 552 que
261 486 398 547 ciritetcs,
419 492 533 551 repente
546 499 580 536 ex
590 483 656 552 fuga
666 487 778 551 paucis·
791 492 875 552 atque
887 482 930 534 his
941 485 1000 535 iui-

197 556 316 616 oeratis,
337 557 465 620 receptis,
486 556 533 623 qui
546 555 676 605 silvarum
687 553 825 606 beneficio
839 568 932 605 casum
944 555 1000 604 eri·

196 631 333 684 tererent,
354 625 481 674 onmibus
494 624 629 686 adversis,
645 625 757 692 cognitu
768 622 937 684 calamitate,
957 624 1000 672 iu·

196 693 315 746 ter-tecto
328 694 441 754 Correo,
457 695 558 743 amisso
572 696 699 760 equitatu
712 698 740 744 ct
751 692 911 743 fortissimis
923 691 999 758 pcdi-

195 765 285 826 tibus,
306 779 388 830 quum
402 764 551 814 adventare
562 762 701 814 Rouraoos
717 763 919 824 existimarent,
937 777 1000 811 con·

195 833 260 884 cilio
274 839 389 898 repente
400 838 482 882 cautu
495 832 624 882 tubarum
638 840 798 894 convocato,
814 832 998 893 corrclanrant,

195 905 268 971 legat
272 901 282 952 i
292 901 444 968 obsidesque
454 901 490 952 ad
501 899 644 952 Caesarem
655 902 807 957 mittantur.

248 971 321 1021 xxi.
341 970 403 1021 Hoc
424 971 552 1020 omnibus
573 971 689 1035 probato
710 972 835 1033 consilio,
857 971 999 1021 conomius

194 1041 314 1093 Atrebas
330 1039 365 1090 ad
382 1054 430 1090 eos
445 1038 569 1107 profugit
581 1040 750 1103 Germanae,
772 1056 788 1091 a
805 1041 905 1108 quibus
923 1037 1000 1090 adid

195 1109 298 1161 bellum
311 1109 414 1160 auxilia
427 1115 568 1160 mutuatus
580 1117 648 1160 erat.
677 1110 769 1166 Ceteri
781 1125 797 1161 e
808 1104 926 1176 uestigio
937 1108 999 1158 mit·

195 1186 258 1231 tunt
270 1178 305 1229 ad
318 1179 465 1230 Caesarem
477 1179 596 1246 legatos,
607 1185 772 1246 petuntque,
784 1188 815 1230 ut
826 1196 858 1231 ea
866 1193 951 1245 poeria
962 1177 1000 1227 sit

195 1258 336 1303 contentos
351 1247 480 1311 torcium,
499 1264 579 1316 quarn
594 1248 618 1299 si
631 1247 687 1299 sine
703 1247 873 1300 diruieatione
893 1247 1000 1318 inferre

194 1319 311 1387 integris
321 1328 425 1386 posset,
442 1335 494 1386 pro
510 1333 558 1369 sera
574 1317 713 1370 clementia
733 1327 814 1384 atque
830 1316 1000 1370 horreanitate

194 1405 338 1457 uictuquam
348 1389 472 1511 properio
483 1397 552 1440 esset
561 1387 705 1440 illaturus:
715 1386 841 1457 adflictas
851 1403 911 1456 opes
923 1402 1000 1453 eque·

193 1458 245 1511 stri
262 1460 365 1527 proelio
411 1461 588 1512 elloracorum
609 1473 682 1519 esee‚·
704 1459 861 1510 delectorum
876 1456 1000 1524 peditum

194 1531 280 1581 inscita
291 1529 366 1581 milia
381 1529 522 1590 interisse;
540 1527 586 1580 aix
606 1527 741 1600 refugisse
762 1527 873 1580 nstncios
894 1525 998 1578 caedis:

194 1609 283 1652 tannen
294 1615 433 1669 inagnum,
450 1609 481 1651 ut
490 1599 519 1650 in
530 1607 608 1650 tanta
619 1597 790 1660 calamitate,
801 1595 957 1648 Bellovacos
968 1611 999 1646 eo

191 1667 295 1736 proelio
306 1669 469 1720 corrsrrrodom
479 1683 534 1719 esse
544 1675 706 1728 consecutos,
721 1667 791 1731 quoa
802 1664 919 1718 Correus
924 1702 932 1728 ,
950 1679 1000 1715 au-

193 1747 252 1789 ctor
263 1737 333 1803 belli,
353 1735 711 1797 corrmtatorrrsultitudiais‚
734 1744 802 1786 esset
820 1735 1000 1801 interfectus,-

191 1823 335 1874 nentiquam
345 1807 416 1859 enim
426 1815 548 1858 senatum
564 1813 672 1856 tantum
683 1805 712 1855 iu
727 1803 854 1866 civitate,
871 1803 918 1854 illo
928 1804 1000 1865 nivo,

193 1884 323 1942 quantuor
332 1874 485 1942 inmeritam
491 1874 603 1944 plebem,
610 1873 740 1939 potuisse.

244 1946 331 1997 xxti.
350 1947 428 1998 Haec
440 1945 585 1996 orantibus
599 1942 709 2008 legatis,
722 1945 920 1994 commemorat
932 1940 999 1992 Cae·

191 2031 245 2079 sar,
258 2017 346 2069 eodem
357 2025 475 2081 tempore
490 2011 628 2080 superiore
638 2028 708 2065 nrrno
718 2010 874 2063 Bellovacos
884 2020 999 2063 ceteras·

210 2103 242 2138 ue
254 2085 360 2139 Galliae
371 2084 493 2136 civitates
503 2081 647 2150 suscepisse
658 2081 753 2134 bellarm
761 2097 771 2141 ;
778 2079 999 2149 pertinacissime

192 2105 239 2208 zos
250 2155 413 2210 esonmilms
423 2154 452 2206 in
463 2151 597 2206 sententia
604 2150 797 2217 perorantisse,
815 2167 898 2217 nepae
910 2152 997 2204 aisa·

192 2227 307 2280 uitatem
318 2225 482 2292 reliquorum
493 2221 624 2274 deditione
634 2237 689 2272 esse
700 2222 860 2289 perductos.-
879 2214 998 2272 rcire'at·

193 2314 243 2366 pue
253 2295 408 2365 intellegere
419 2310 455 2356 se,
476 2308 598 2346 caussam
615 2291 721 2357 peccati
736 2290 871 2364 facillime
886 2289 998 2342 mortuis

193 2366 334 2436 delegari3
350 2365 481 2418 neminem
492 2378 562 2427 ,aero
582 2369 691 2413 tantam
706 2364 820 2429 pollere,
841 2367 886 2424 ut,
905 2358 999 2412 inritis

190 2435 369 2506 principibus,
389 2435 530 2486 resistente
550 2441 662 2495 senatu,
687 2431 806 2484 orrrnilrus
827 2429 901 2483 lonis
919 2445 997 2496 repu-

189 2505 349 2575 gnantibus,
358 2503 469 2573 infirma
479 2519 561 2556 rnanu
567 2501 653 2570 plebis
666 2501 760 2553 bellum
772 2500 907 2554 concitare
915 2509 945 2550 et
954 2515 999 2567 gs·

192 2591 253 2626 rere
270 2584 375 2642 posset:
394 2575 441 2626 sed
456 2583 544 2626 tamen
560 2588 587 2623 se
603 2579 757 2624 contentum
771 2570 838 2643 'sore
854 2585 886 2622 ea
902 2583 999 2636 poeria,

192 2659 272 2712 quarn
283 2644 336 2696 sili
346 2643 398 2710 ipsi
408 2642 615 2695 convenissent.

244 2714 346 2768 xxiii.
365 2713 456 2767 Nocte
466 2712 624 2780 insequenti
640 2711 727 2781 legati
739 2723 873 2779 responsa
884 2708 919 2761 ed
931 2721 997 2759 suos
