2168 3134
286 246 288 254 .
354 206 502 262 blm
535 205 627 264 vlu.
837 211 887 266 Ul

85 307 194 367 madae
205 309 246 363 rei
259 308 574 378 imnestsrissossuss,
595 315 741 382 superiore
751 325 889 368 onumen·

84 383 161 434 tario
172 380 391 434 demonstratum
403 389 456 435 est.
485 384 533 436 lta
538 399 601 436 eum
612 384 719 438 duabus
730 385 889 454 legionibus

83 451 121 506 ad
131 451 340 518 persequendos
351 454 488 504 Carnutes
499 453 695 522 proficiscitur.

139 519 173 573 V.
191 521 281 582 Quum
292 521 367 574 lema
377 525 517 574 exereitus
530 523 570 574 ad·
576 522 673 576 hostes
684 530 760 577 esset
768 524 887 591 perlata,

83 589 245 645 calamitate
255 596 411 644 oeterorum
422 591 499 644 dueti
510 594 661 657 Carnutes,
692 593 811 646 desertis
822 596 888 645 riuis

16 718 20 724 ·
82 659 889 786 {relitterestlttllttlttbtttttetiti:
944 735 947 740 -

81 744 234 861 solebenl,
260 747 362 866 (nupebl
378 803 452 852 enim
468 801 569 853 desioti
583 802 725 869 compbrra
736 770 838 872 oppisle
848 803 889 854 di·

80 870 240 932 miserant)
261 868 385 936 dispersi
393 869 566 938 profugiunt.
593 872 889 942 domarerumpentes

81 954 117 991 eo
142 940 260 990 maxime
281 944 407 1008 tempore
428 943 579 994 acerrimas
598 948 780 1010 tempestates
802 957 888 1014 quum

81 1009 177 1060 subire
189 1008 292 1062 milites
300 1010 398 1073 nollet,
408 1011 436 1062 in
448 1012 709 1078 oppidoGarnutum
717 1013 833 1066 Genabo
842 1027 886 1066 ca·

80 1085 145 1132 stra
159 1079 237 1144 ponit
251 1085 336 1148 atque
347 1082 375 1132 in
387 1086 466 1133 tecte
475 1084 579 1148 partire
592 1081 753 1146 Gallorum,
783 1085 886 1152 partim

80 1163 168 1216 quae,
189 1150 324 1201 coniectis
334 1151 466 1202 celeriter
474 1154 637 1204 stramentis
647 1155 835 1206 tentoriorum
845 1155 887 1204 in·

80 1217 268 1285 oegeudorum
279 1220 386 1286 gretia,
407 1221 688 1285 erantinaediliouta,
708 1223 811 1275 milites
821 1237 889 1273 eon·

78 1289 167 1356 teffl'ts
191 1290 298 1355 equites
308 1296 401 1342 tamen
419 1296 449 1342 et
459 1291 623 1343 auxiliarios
632 1292 740 1360 pedibas
751 1293 779 1342 in
792 1305 888 1346 omnes
956 1333 959 1338 .

79 1363 179 1425 partes
200 1359 299 1422 mittit,
318 1374 508 1428 quascumque
530 1363 634 1426 petisse
657 1361 823 1412 dicebantur
839 1359 888 1411 lio·

79 1433 156 1480 stes:
189 1439 241 1480 neo
257 1427 374 1482 frustra:
405 1445 470 1480 uam
487 1429 650 1498 plerumque
665 1445 768 1497 magne
783 1429 887 1498 praede

78 1497 164 1566 potiti
176 1499 265 1550 nostri
277 1504 465 1551 revertuntur.
494 1499 627 1568 Oppressi
639 1500 775 1552 Carnutes
786 1499 887 1552 hiemis

78 1565 257 1630 difficultate,
289 1573 400 1621 terrore
416 1569 547 1634 periculi,
577 1585 662 1637 quum
678 1569 760 1621 tectis
775 1569 886 1637 expulsi

8 1689 9 1694 ,
78 1635 157 1688 nullo
168 1637 229 1690 loeo
238 1636 345 1690 diutius
355 1639 509 1691 oonsistere
521 1637 671 1702 auderent,
690 1653 743 1690 nee
753 1641 885 1692 silvarum

79 1707 222 1774 praesidio
233 1709 446 1776 tempestatibus
456 1708 612 1760 durissimis
621 1711 678 1778 tegi
690 1717 818 1776 possent,
833 1708 897 1762 dis·'

77 1778 169 1898 perti,
190 1791 292 1897 magns:
305 1782 384 1900 parte
400 1779 505 1858 emissa
519 1794 649 1845 suorum,
672 1780 845 1849 dissipantur
855 1781 886 1832 in

99 1859 128 1898 as
144 1861 214 1898 imas
226 1861 277 1898 erm
292 1863 309 1900 s
322 1864 362 1900 os.

93 1953 100 1968 ..
130 1916 179 1970 Vl.
198 1917 302 1970 Caesar
311 1924 438 1985 tompore
453 1919 520 1972 enni
537 1919 702 1972 difficillimo
717 1935 801 1990 quum
815 1923 885 1974 sotis

78 1983 199 2038 baberet
209 1989 406 2042 convenientes
418 2005 516 2043 manus
528 1991 679 2058 dissipare,
702 2007 737 2043 ue
750 1992 822 2060 quod
833 1993 885 2044 ini·

77 2055 148 2108 tium
159 2055 229 2108 belli
239 2063 412 2123 nasceretur3
435 2067 625 2130 quantumque
640 2063 667 2112 iu
679 2064 789 2113 ratione
801 2068 885 2124 esset,

78 2125 257 2192 exploratum
269 2125 393 2192 baberet,
411 2132 462 2182 sub
475 2136 584 2196 tempus
595 2133 765 2183 aestivorum
776 2131 884 2182 nullum

78 2209 217 2246 sumnum
229 2196 333 2250 bellurn
345 2212 427 2264 posse
438 2200 572 2252 eoullaris
595 2201 624 2251 0.
637 2202 808 2252 ‘l'rebonium
821 2215 883 2250 cuns

13 2275 18 2289 ·
77 2264 188 2316 duabus
200 2265 366 2333 legionibus,
385 2283 454 2336 quas
465 2285 559 2321 seeum
571 2267 700 2333 habebat,
718 2271 745 2320 in
759 2268 883 2320 bibernis

77 2333 187 2389 Genabi
203 2335 360 2398 collocavit:
381 2339 456 2404 ipse,
478 2353 564 2406 quum
580 2340 684 2390 crebris
696 2339 883 2406 legationibus

76 2403 228 2456 Remorum
240 2408 344 2460 certior
355 2407 447 2471 fieret,
464 2407 637 2471 Bellovacos,
656 2411 702 2477 qui
713 2407 782 2460 belli
792 2407 884 2475 gloria

78 2472 178 2526 Gallos
189 2489 285 2530 omues
297 2477 454 2546 Belgasque
470 2479 665 2544 praestpbant,
694 2478 883 2546 fissitiroasque

76 2539 120 2594 his
131 2545 268 2607 civitates,
278 2546 348 2600 duee
355 2549 462 2599 Correo
470 2547 621 2599 Bellovaco
634 2554 663 2599 et
674 2548 883 2600 eonsmioltre·

51 2646 55 2652 -
76 2611 156 2676 bate,
178 2615 319 2668 exereitus
330 2631 493 2684 eonsperure
504 2624 588 2686 atque
599 2620 626 2668 in
639 2633 723 2669 unum
734 2617 825 2669 locutu
837 2632 881 2670 co·

53 2721 60 2740 ,
77 2696 155 2748 gere,
175 2689 207 2736 ut
218 2686 293 2736 omni
306 2683 485 2742 multitudiue
497 2689 525 2738 in
537 2689 606 2740 lines
619 2687 813 2749 Suessionum,
835 2690 880 2756 qut

77 2749 172 2806 lletnls
183 2759 266 2809 eraut
275 2755 421 2821 adtributi,
436 2756 562 2828 laterent
572 2759 799 2824 impressionem,
820 2773 879 2825 per·
