2180 3140
177 144 228 201 ns
357 110 360 120 ⁴
393 148 606 203 nanneno
627 151 759 206 cirini

177 253 258 302 etiarn
272 253 388 304 auribus
397 253 466 306 Vari
477 258 610 317 serviunt,
627 259 701 318 (narn
713 271 784 324 quse
795 258 932 320 volumus,
951 265 980 310 et

178 321 316 372 eredimus
326 323 460 387 libentem
480 331 529 386 et„
540 341 610 392 quae
621 326 759 377 sentimus
770 328 834 392 ipsi,
855 329 980 394 reliquus

177 391 283 442 sentire
295 397 454 459 speramus)
476 395 641 446 coinfirmant
658 396 766 462 quiden}
785 403 875 457 certe,
894 399 980 448 tutius

177 461 318 512 exereitus
339 463 448 514 anirnus
468 465 575 514 alienus
596 481 658 517 esse
675 479 692 514 a
707 466 841 516 Curione:
862 467 980 522 maxime

177 529 247 596 epus
260 543 330 594 esse,
350 533 378 582 in
392 543 569 600 conspertum
582 536 734 586 exereitum
747 536 844 586 venire
857 541 886 584 et
897 535 980 586 eolla·

177 600 281 666 quendi
302 601 369 654 dare
394 603 571 654 facultatem·
612 606 674 666 Qua
693 605 825 669 opinione
846 603 980 655 adductus

176 668 281 730 Varus,
304 679 417 737 postero
429 673 474 724 die
485 685 565 724 marre
577 674 700 740 legiones
713 689 747 724 ex
760 674 860 724 eastris
873 673 978 726 educit:

177 738 246 790 feeit
261 741 334 792 idem
345 743 429 793 Curio
447 749 543 808 atque,
566 750 622 793 uria
632 743 703 794 ralle
715 755 771 793 non
783 757 884 810 magna
895 743 979 794 inter·

176 810 258 871 lecta,
271 825 334 860 suas
346 819 465 879 uterque
478 815 572 878 rnpias'
584 813 706 863 instruit.

229 879 354 932 XXVlll.
376 885 443 934 Erat
462 881 491 930 in
510 883 635 932 exercitu
650 881 718 932 Vari
733 879 797 932 Sex.
813 881 979 943 Quinctilius

176 947 276 1010 Varus,
299 966 379 1017 quern
401 951 489 1002 fnisse
508 951 634 1014 Corilnii,
656 958 739 1018 supra
760 951 978 1002 demonstratum

177 1025 229 1068 est.
265 1020 332 1081 llic,
351 1021 482 1071 dimissus
495 1037 511 1070 a
523 1021 655 1084 Caesare,
677 1022 706 1071 in
717 1019 838 1072 Africam
849 1028 978 1082 renernt3

176 1087 358 1155 legionesque
371 1105 418 1142 eas
430 1090 630 1141 transduxerat
642 1092 736 1153 Curio,
753 1105 821 1157 quus
831 1091 979 1158 superiori·

174 1156 227 1207 bus
239 1160 409 1224 temporibus
422 1159 543 1211 Corfinio
556 1165 702 1229 receperat
717 1161 819 1212 Caesar
827 1177 838 1224 3,¹
857 1159 927 1212 adeo
938 1165 978 1221 ut,

174 1229 270 1293 paneis
283 1231 396 1280 mutatis
408 1225 627 1294 centurionibus,
637 1231 721 1282 iidem
733 1230 844 1282 ordines
857 1231 978 1296 manipu-

175 1298 249 1365 lique
266 1305 437 1352 constarent.
473 1303 554 1352 Hanc
575 1294 674 1352 nactus
690 1299 887 1367 adpellationis
903 1315 979 1352 caus·

175 1383 233 1418 sani
245 1369 422 1434 Quinctilius,
435 1372 582 1422 circumire
594 1372 680 1422 uelem
694 1371 823 1421 Curionis
834 1376 918 1438 atque
930 1371 977 1421 ob·

175 1453 285 1490 serrare
309 1441 412 1492 milites
435 1441 536 1508 eoepit,
558 1454 590 1492 ne
610 1439 694 1508 prdrrn'
716 1439 887 1505 sacrementi,
909 1444 980 1505 qaod

174 1509 248 1574 opud
261 1506 415 1562 Domitium
427 1521 508 1578 nique
524 1511 599 1578 aprrd
614 1526 641 1562 se
655 1519 824 1575 quaestorem
840 1509 979 1572 dixissent,

175 1578 328 1631 neerrrorr'anr
341 1579 518 1648 deponerent;
536 1589 587 1632 neti
605 1590 761 1632 contraeas
771 1593 850 1631 arnro
855 1578 978 1650 ferrent,

172 1650 220 1716 nai
232 1650 321 1700 eadem
336 1660 422 1702 essent
437 1651 481 1702 asi
495 1651 616 1722 fortuna
635 1651 777 1716 eadernqne
795 1650 826 1701 s'n
845 1649 979 1701 obsidione
1074 1646 1082 1663 ⁴

171 1718 308 1786 perpessi;
326 1734 377 1770 nen
386 1735 437 1786 pro
448 1720 660 1787 depugnarent,
681 1735 698 1769 a
708 1719 805 1785 quidne
815 1717 977 1770 romanello

170 1787 308 1856 perfugae
319 1790 528 1856 asportarentur.
557 1789 608 1838 llis
621 1802 707 1854 pauca
718 1788 753 1838 ad
765 1803 841 1854 spem
853 1787 978 1853 largitio-

172 1861 215 1908 nis
227 1857 344 1918 addidit,
366 1873 436 1925 quae
449 1859 483 1908 ab
495 1871 546 1908 sna
557 1857 738 1919 liberalitate,
755 1857 783 1906 si
793 1871 823 1908 se
834 1863 920 1922 atque
930 1859 977 1908 At·

173 1931 241 1979 tiunr
254 1929 341 1978 secuti
354 1936 458 1989 essent,
471 1933 632 1992 exspectare
644 1925 787 1977 deberent.
806 1925 869 1976 Hae
879 1923 976 1977 habits

172 1999 314 2058 irratione,
334 1996 438 2048 null'anr
452 1998 481 2045 in
497 2002 605 2064 partein
618 1995 651 2045 ab
664 1996 789 2058 exercitu
802 1995 931 2045 Curionis
942 1993 977 2046 iit

174 2067 351 2134 significatio,
368 2073 452 2135 atque
464 2069 503 2116 ita
515 2079 578 2116 suas
589 2069 706 2131 uterque
717 2065 939 2132 copiasredueit.

218 2137 318 2188 XXIX.
338 2139 426 2204 Atque
438 2137 466 2185 in
478 2137 576 2187 eastris
587 2134 715 2186 Curionis
723 2148 842 2202 magnus
852 2137 976 2192 omnium

175 2209 289 2260 incessit
309 2209 404 2258 tinror:
425 2221 488 2257 nans
500 2208 524 2256 is
534 2205 618 2258 r'ariis
638 2202 976 2257 honrlnunrsernronibns

175 2279 305 2330 celeriter
315 2280 446 2346 augetur:
458 2277 649 2342 unusquisque
660 2275 732 2326 enim
740 2275 976 2342 opinionestlnge-

175 2343 223 2399 li'at
234 2356 262 2399 et
273 2349 307 2399 nd
319 2348 356 2411 ld,
375 2347 449 2414 quod
460 2347 493 2397 ab
505 2347 560 2397 alio
572 2345 708 2408 audierat,
723 2346 767 2396 sui
778 2345 882 2411 aliquid
894 2346 976 2397 rimo·

172 2423 210 2468 ris
221 2419 348 2470 addebat.
385 2418 447 2468 Hoc
459 2417 507 2482 ubi
516 2430 573 2465 uno
584 2421 700 2466 auctore
711 2412 747 2466 ad
761 2414 856 2482 plures
866 2427 972 2482 perma-

171 2493 293 2550 naverat,
313 2494 397 2555 utque
409 2487 480 2537 alins
490 2485 539 2536 alii
553 2484 752 2547 transdidorut,
773 2485 867 2550 plures
878 2490 973 2536 aueto-

170 2565 216 2608 res
229 2559 288 2608 elus
298 2560 340 2608 rei
351 2555 522 2608 ridebantur.
551 2553 650 2621 [Civile
660 2553 777 2616 bellurn3
787 2563 876 2622 genus
887 2552 974 2605 honri·

169 2639 246 2687 nurn,
267 2625 339 2692 quod
350 2617 449 2676 liceret
458 2625 546 2675 libere
558 2622 663 2685 faeere,
674 2629 712 2674 et
725 2623 815 2690 toqui,
836 2623 909 2690 quud
917 2624 975 2677 vel·

170 2691 224 2757 let3
244 2695 370 2762 legiones
382 2709 442 2758 ene,
451 2695 522 2764 quoe
532 2691 626 2760 paullo
638 2699 702 2747 ante
713 2692 786 2758 opud
796 2691 973 2746 sdversarius
