2150 3124
402 175 554 230 LIBER
580 178 601 230 l.
871 177 907 234 at

95 280 578 348 eribmsutscommnnepenculun
588 281 802 335 miserabantur.
833 283 906 337 Vul·

94 368 133 421 go
148 352 219 403 totis
235 354 332 402 castris
347 356 515 403 testamenta
529 352 753 419 obsignabantur.
794 352 904 406 Horum
998 362 1001 369 '

94 421 210 473 vocibus
220 435 253 472 ac
262 423 364 472 timore
374 420 520 486 paullatim
533 423 617 472 etiam
628 423 662 483 ii,
677 424 723 488 qui
735 437 864 489 magnum
874 426 904 474 in

95 493 198 543 eastris
208 506 288 542 usum
299 489 450 551 habebant,
470 491 573 542 milites
583 493 827 558 centurionesque,
847 494 905 559 qui-

96 577 151 630 que
162 561 288 626 equitatu
299 565 462 625 praeerant,
480 560 727 626 perturbabantur.
765 561 818 622 Qui
828 575 859 614 se
870 577 905 613 ex

96 629 139 680 lnis
150 631 242 679 minus
252 629 362 680 timidos
373 632 525 680 existimari
536 629 679 690 volebant,
690 644 745 680 non
755 645 785 680 se
796 629 905 682 hostem

96 700 204 760 rerer-i,
223 699 272 749 sed
288 700 430 766 angustias
439 699 549 749 itineris
560 705 588 749 et
598 699 815 764 magnitudinem
826 701 905 751 silva·

97 783 169 828 rum,
176 783 246 834 quae
256 769 461 820 intercederent
470 769 543 819 inter
552 769 628 832 ipsos
639 774 721 834 utque
730 770 905 832 Ariovistum,

97 841 217 888 aut'rem
228 834 453 900 frumentariam,
472 843 504 887 at
513 839 582 890 satis
593 837 736 889 courmode
746 839 906 904 supportari

98 910 207 972 posset,
217 908 316 958 timere
327 907 462 959 dicebant.
499 905 632 958 Nonnulli
644 908 728 958 etiam
740 909 852 960 Caesari
863 923 906 959 re·

98 975 281 1038 nurnmabant,
292 992 374 1042 quum
385 982 478 1028 castra
489 977 592 1028 moveri
603 992 635 1027 ac
645 977 724 1044 aigne
735 977 802 1030 ferri
813 978 906 1028 iussis·

97 1049 156 1106 set,
176 1057 233 1094 non
245 1043 309 1096 iore
319 1046 393 1097 dieto
403 1045 548 1098 audientes
557 1045 673 1110 milites,
692 1062 781 1115 neque
790 1052 905 1115 propter

98 1115 230 1164 bonorem
240 1115 320 1180 signa
330 1115 445 1167 laturos.

151 1182 212 1234 xi..
247 1183 414 1252 Haecquum
423 1185 905 1246 animadvertisscuconvoeatocon·

98 1252 176 1314 silio,
202 1255 375 1320 omniumque
391 1255 517 1305 ordinum
530 1254 568 1305 ed
583 1254 611 1305 id
623 1255 766 1305 consilium
775 1254 906 1306 adhibitis

8 1336 15 1371 r
100 1321 321 1382 centurionibus,
340 1322 518 1375 vehementer
538 1338 586 1374 eoa
607 1326 754 1376 incusavit:
775 1323 905 1391 primum,

29 1445 32 1458 ,
100 1390 234 1456 pandunt
244 1391 362 1456 quentin
369 1401 540 1459 purtem,uut
550 1407 602 1458 quo
612 1392 721 1444 coneilio
732 1393 904 1455 ducerentur,

99 1458 153 1512 stat
171 1460 350 1523 quaerendum
369 1471 419 1513 anet
438 1461 613 1530 cogitandum
624 1470 764 1527 putarent.
801 1461 908 1512 Arioni-

6 1533 7 1578 ἐ
100 1537 215 1590 etum,te
226 1532 341 1593 contule,
352 1530 520 1598 cupidissime
527 1530 621 1598 populi
629 1529 746 1582 Rotnani
756 1529 908 1582 unricitium

6 1603 7 1626 ³
102 1596 254 1664 adpetitue;
272 1615 323 1650 eur
338 1599 408 1651 darec
423 1609 481 1651 turn
496 1609 596 1652 temere
611 1599 751 1667 quitquam
766 1598 799 1650 all
816 1597 908 1664 officio

6 1673 7 1736 l
102 1666 280 1718 discessurum
291 1667 443 1722 iudicaret?
453 1668 512 1720 titt
523 1668 628 1733 quidem
634 1667 806 1735 pertreuderi,
817 1668 909 1737 cogni·

103 1735 140 1787 tis
155 1735 210 1786 tuit
217 1737 365 1802 postulatis
375 1747 455 1804 utque
467 1737 604 1803 aequitate
614 1737 795 1791 conditionum
801 1754 909 1806 perspe-

103 1814 165 1868 cta,
185 1822 243 1857 erun
258 1821 341 1872 neque
353 1823 440 1868 tuam,
463 1823 545 1874 neque
556 1807 776 1874 populiliomani
784 1808 909 1877 gratiam

103 1874 319 1940 repudiaturum.
359 1875 439 1939 erod
450 1875 475 1927 ri
501 1893 581 1928 urere
592 1886 672 1942 utque
683 1878 802 1930 alluentia
813 1879 909 1946 impul·

104 1959 149 1995 tut
159 1942 255 1995 delium
264 1943 409 2008 intulisset,
419 1945 466 2012 ¹qui
495 1945 603 1998 tandem
613 1949 787 2000 vererentur?
798 1958 848 2000 uut
858 1962 908 1999 erar·

103 2013 135 2066 dt
149 2028 198 2063 suu
212 2012 329 2077 virtute,
349 2025 400 2067 aut
415 2016 446 2066 de
461 2014 545 2082 ipsius
560 2014 701 2084 diligentia
717 2016 908 2084 desperarent?

102 2081 221 2136 Factum
236 2081 292 2134 eius
307 2083 554 2150 transponentem
565 2093 679 2149 patrum
692 2095 845 2138 uestrorum
856 2101 916 2136 me·—

103 2150 202 2212 neort'u‚
225 2165 319 2217 quum,
332 2151 449 2205 Ginnabris
461 2162 488 2204 et
503 2153 631 2206 Teutonis
641 2172 658 2206 a
673 2153 702 2206 C.
712 2155 804 2208 Murio
812 2154 908 2226 pulait,

102 2236 155 2272 non
171 2219 299 2272 rainonem
309 2223 415 2274 laudem
424 2222 573 2285 exereitus,
593 2239 672 2290 quum
683 2223 738 2290 ipre
749 2224 908 2290 irreperutor,

102 2287 215 2341 meritur
225 2289 381 2342 uidebatur:
386 2293 498 2364 fectum
509 2291 591 2344 etium
600 2309 685 2360 nuper
693 2293 723 2345 in
732 2292 817 2344 Italia
827 2290 908 2343 terri·

101 2356 123 2409 a·
133 2360 332 2426 turnultu,puot
343 2370 432 2413 tanuen
442 2361 547 2425 aliquid
555 2377 617 2414 utut
627 2379 660 2414 ac
671 2361 819 2429 disciplina,
826 2375 908 2426 quatu

102 2442 120 2478 u
130 2425 205 2480 nabis
214 2429 389 2496 occuparent,
400 2429 576 2482 sublevarent.
604 2432 651 2483 Eu
663 2447 713 2496 quo
723 2429 841 2482 iudicari
846 2445 908 2497 pct-

102 2505 157 2559 ret,
168 2508 298 2562 quantum
308 2499 418 2553 liaberet
428 2499 457 2550 in
467 2515 494 2550 te
503 2499 564 2552 boni
574 2500 728 2553 constantia
738 2516 746 2558 ,·
762 2509 908 2568 propterea

102 2565 185 2686 pund,
199 2582 265 2632 quor
273 2567 440 2634 aliquamdiu
450 2568 566 2620 inermos
576 2567 632 2620 tine
642 2584 737 2620 enuere
748 2569 913 2632 timerium,

121 2650 151 2688 ur
162 2646 258 2703 pastea
273 2646 394 2690 armatos
404 2637 561 2691 auritteret
571 2648 749 2704 superassent.
786 2637 914 2706 Denique·

104 2703 341 2770 herencurtem,
360 2707 517 2776 quibuscum
525 2722 713 2776 saepenumero
723 2707 840 2762 Heleetii
848 2725 907 2760 eon·
