2150 3124
152 158 188 214 ῧῦ
340 157 395 208 DE
415 155 557 210 Buuuo
579 154 762 208 subulco

155 259 297 312 Caesarem
310 258 445 323 onsieitio,
464 259 535 324 quod
547 258 694 311 sumntum
702 258 731 311 in
743 227 835 312 Gallio
845 258 953 326 halent,

148 329 193 382 sui
203 327 368 396 opprimendi
378 344 473 380 caussa
484 327 589 379 nabere.
626 327 680 391 Qui
689 329 742 382 nisi
751 329 860 382 decedat
869 339 951 396 atque
1056 326 1057 340 ¹

148 398 297 451 euermtum
318 397 434 450 deducat
452 414 485 449 ex
499 396 541 448 leis
555 395 721 465 regionibus,
740 413 795 451 sese
807 397 884 450 illum
898 417 951 452 uon
1056 441 1057 452 ,

144 465 952 536 proomico,sedprolasteioliuuumsquodrieuminter·

142 535 361 612 feeerit,mnltis
371 551 425 588 sese
435 536 565 590 nobilibus
570 536 789 606 principibusque
794 537 889 604 populi
897 536 952 590 Ra·
1016 573 1021 589 .

147 606 222 659 mani
232 615 346 675 gratum
360 621 414 657 esse
423 607 585 679 farnetum
604 605 637 656 id
644 622 672 660 se
685 607 719 659 ab
729 607 794 674 ipsis
800 622 850 674 per
860 623 952 658 eorum

147 675 258 728 nuntios
273 684 437 742 compertum
451 673 562 739 iniere,
582 689 695 741 quorum
704 676 951 745 osuniumgrutiam

147 753 229 811 atque
245 743 393 796 amicitiam
407 744 464 796 eius
474 754 560 798 uus-te
571 745 701 797 redimere
707 755 805 812 posset.
842 745 920 809 Quod
927 745 952 798 si

147 814 300 866 devenisset
319 822 347 865 et
361 813 471 866 liberam
482 813 671 880 pimenionem
684 815 792 867 Galliae
805 814 857 866 sibi
867 815 953 867 tradi·

148 882 244 946 disset,
265 899 363 952 magma
382 899 410 933 se
430 883 506 935 illum
520 882 641 950 prooemio
661 892 897 935 remuneraturum
916 893 953 948 tt,

147 966 326 1020 quaecumque
345 950 413 1003 bella
422 951 488 1021 geri
499 954 592 1016 vellet,
610 951 671 1004 tine·
680 953 734 1004 ullo
748 952 805 1004 eius
819 953 910 1005 labare
925 963 953 1006 et

143 1021 267 1089 periculo
277 1037 326 1073 eon
342 1028 474 1073 etturum.
909 1037 912 1040 ·

202 1090 286 1143 XLV.
354 1089 414 1140 ulta
429 1091 464 1142 ab
479 1091 601 1142 Caesare
612 1092 641 1140 iu
657 1104 717 1140 eam
734 1091 899 1142 seutentiam
911 1091 951 1142 di·

147 1163 193 1212 cto
203 1166 277 1221 suut,
288 1174 373 1228 quare
383 1162 495 1228 negotio
506 1161 640 1211 desistere
650 1175 705 1210 non
717 1166 819 1225 posset,
829 1166 858 1211 et
867 1177 951 1228 neque
1059 1140 1060 1212 i

146 1243 237 1291 suam,
257 1245 341 1296 neque
350 1229 445 1295 populi
455 1228 573 1282 Romani
587 1228 801 1282 consuetudinem
811 1228 887 1296 pati,
908 1228 953 1282 uti
1059 1261 1060 1274 κ

33 1305 38 1330 ’
146 1297 361 1362 optimemeritos
371 1298 455 1351 sotios
465 1300 610 1351 desereret:
621 1315 703 1366 neque
712 1313 739 1349 se
748 1297 880 1361 iudicare,
887 1299 951 1351 Gal·

103 1396 107 1400 -
146 1366 212 1418 leam
218 1367 311 1434 potius
319 1383 372 1419 esse
384 1367 529 1431 Ariovisti,
539 1384 620 1436 quam
626 1367 722 1435 populi
730 1366 855 1419 Romani.
890 1365 952 1419 Bel·

145 1437 173 1487 lo
182 1445 321 1504 sssperotos
331 1453 386 1488 esse
396 1436 530 1490 Aruernos
539 1447 567 1489 et
575 1436 697 1490 Rutenos
706 1437 741 1489 ai
755 1435 788 1499 Q.
798 1435 883 1488 Fabio
892 1435 952 1489 Mo·
1060 1431 1061 1440 ¹

146 1504 233 1567 ocimo,
253 1505 349 1575 quibus
365 1510 481 1574 populus
490 1506 627 1576 Romanus
644 1505 805 1576 ignovisset,
825 1522 908 1574 neque
922 1506 951 1558 in

143 1574 313 1642 prouinciam
327 1576 489 1644 redegisset,
507 1592 591 1644 neque
600 1575 762 1643 stipendium
772 1574 949 1642 imposuisset.

151 1641 231 1706 Quod
242 1644 267 1695 si
276 1644 494 1712 antiquissimum
503 1645 623 1710 qnodque
635 1653 737 1711 tempus
743 1645 865 1711 spectari
875 1661 951 1710 apor-

147 1721 230 1776 leret,
242 1713 338 1779 populi
346 1711 463 1766 Romani
475 1712 651 1764 iustissimum
667 1729 720 1764 esse
730 1713 759 1764 in
772 1713 863 1764 Gallia
871 1711 952 1780 impo-

146 1779 232 1853 rium:
260 1781 428 1833 siiudioium
444 1791 553 1834 senatus
568 1781 704 1833 obseruari
718 1789 864 1848 oporteret,
888 1780 952 1833 libe·

145 1866 206 1900 ram
222 1849 315 1901 delere
328 1865 382 1900 esse
396 1851 524 1913 Galliam,
544 1865 623 1918 quam
638 1850 704 1903 lello
713 1849 812 1902 vietam
821 1849 876 1902 suis
886 1850 951 1920 legi·

146 1917 194 1970 itus
205 1917 248 1970 uli
256 1918 390 1970 voluisset.

198 1987 297 2039 XLVI.
333 1988 407 2038 Dum
418 1985 486 2040 haee
496 1989 524 2038 in
535 1988 675 2055 colloquio
685 1994 829 2056 geruntur,
840 1989 950 2040 Caesari

147 2057 308 2108 nunciatum
329 2063 384 2119 est,
405 2059 512 2125 equites
531 2059 661 2109 Ariovisti
681 2060 794 2125 propius
813 2058 965 2110 tumulum'

147 2125 279 2178 accedere
290 2130 319 2176 et
328 2126 364 2177 ud
374 2134 484 2178 nostros
495 2127 670 2194 adequitare,
686 2127 791 2194 lapides
801 2127 910 2194 telaque
921 2129 950 2178 in

146 2200 257 2246 nostros
268 2195 413 2248 coniicere.
446 2197 547 2248 Caesar
557 2197 687 2263 loquendi
697 2198 779 2249 linem
790 2196 856 2248 feeit
865 2211 951 2264 seque

147 2265 182 2318 ad
196 2279 261 2316 suos
276 2265 382 2330 recepit
396 2267 508 2334 suisque
522 2267 682 2334 imperavit,
700 2283 735 2319 ne
749 2266 822 2334 quod
837 2267 950 2318 omnino

146 2333 234 2386 telum
251 2335 280 2384 in
296 2331 389 2386 hostes
405 2336 561 2387 reiicereut.
597 2335 667 2388 Nam
677 2339 730 2388 etsi
740 2338 798 2387 sine
809 2335 867 2387 ullo
878 2337 949 2402 peri-

148 2403 211 2455 culo
226 2403 342 2471 legionis
357 2403 480 2456 delectae
491 2420 553 2456 oum
564 2406 687 2473 equitatu
695 2405 832 2473 proelium
844 2404 904 2457 fore
913 2407 951 2455 vi·

148 2472 243 2526 debat:
264 2478 357 2525 temen
368 2469 593 2526 committendum
605 2490 659 2526 non
670 2476 797 2542 putabat,
808 2481 851 2538 ut,
861 2474 949 2541 pulsis

146 2537 287 2604 hostibus,
297 2542 351 2594 dici
361 2550 468 2609 posset,
478 2558 525 2596 eos
536 2545 570 2596 ab
580 2561 610 2596 se
620 2560 669 2612 per
679 2545 760 2598 fidem
771 2547 798 2595 iu
810 2541 948 2612 colloquio

147 2609 357 2663 circumventos.
375 2612 557 2683 Posteaquam
568 2615 597 2665 in
607 2614 834 2684 vulgus‘militum
845 2614 948 2666 elutum

147 2683 203 2744 est,
223 2693 278 2748 que
291 2681 494 2752 adrogantiam
504 2683 644 2754 colloquio
653 2686 806 2742 Ariovistus
816 2697 881 2736 usta
892 2695 952 2737 om-
