<?xml version="1.0" encoding="UTF-8"?>
<!DOCTYPE html PUBLIC "-//W3C//DTD XHTML 1.0 Transitional//EN"
    "http://www.w3.org/TR/xhtml1/DTD/xhtml1-transitional.dtd">
<html xmlns="http://www.w3.org/1999/xhtml" xml:lang="en" lang="en">
 <head>
  <title>
</title>
<meta http-equiv="Content-Type" content="text/html;charset=utf-8" />
  <meta name='ocr-system' content='tesseract 3.04.00' />
  <meta name='ocr-capabilities' content='ocr_page ocr_carea ocr_par ocr_line ocrx_word'/>
</head>
<body>
  <div class='ocr_page' id='page_1' title='image "./cjuliicaesarisc05caesgoog_0273.png"; bbox 0 0 2180 3140; ppageno 0'>
   <div class='ocr_carea' id='block_1_1' title="bbox 370 159 913 236">
    <p class='ocr_par' dir='ltr' id='par_1_1' title="bbox 370 159 913 236">
     <span class='ocr_line' id='line_1_1' title="bbox 370 159 913 236; baseline -0.017 -9"><span class='ocrx_word' id='word_1_1' title='bbox 370 219 374 227; x_wconf 89' lang='grc'><em>,</em></span> <span class='ocrx_word' id='word_1_2' title='bbox 413 159 567 232; x_wconf 70' lang='lat' dir='ltr'>meua</span> <span class='ocrx_word' id='word_1_3' title='bbox 588 163 627 234; x_wconf 62' lang='lat'>1„</span> <span class='ocrx_word' id='word_1_4' title='bbox 669 231 672 236; x_wconf 17' lang='lat'>¹</span> <span class='ocrx_word' id='word_1_5' title='bbox 860 163 913 218; x_wconf 75' lang='lat' dir='ltr'>nos</span> 
     </span>
    </p>
   </div>
   <div class='ocr_carea' id='block_1_2' title="bbox 99 265 968 1452">
    <p class='ocr_par' dir='ltr' id='par_1_2' title="bbox 99 265 968 1452">
     <span class='ocr_line' id='line_1_2' title="bbox 105 265 966 338; baseline 0.005 -21"><span class='ocrx_word' id='word_1_6' title='bbox 105 265 174 318; x_wconf 82' lang='lat' dir='ltr'>dem</span> <span class='ocrx_word' id='word_1_7' title='bbox 186 265 385 333; x_wconf 75' lang='lat' dir='ltr'>leretempore</span> <span class='ocrx_word' id='word_1_8' title='bbox 397 280 468 336; x_wconf 85' lang='lat' dir='ltr'>pons</span> <span class='ocrx_word' id='word_1_9' title='bbox 479 265 508 318; x_wconf 87' lang='lat' dir='ltr'>in</span> <span class='ocrx_word' id='word_1_10' title='bbox 520 267 602 320; x_wconf 86' lang='lat' dir='ltr'>lbero</span> <span class='ocrx_word' id='word_1_11' title='bbox 615 281 704 338; x_wconf 81' lang='lat' dir='ltr'><strong>prope</strong></span> <span class='ocrx_word' id='word_1_12' title='bbox 716 265 833 320; x_wconf 84' lang='lat' dir='ltr'>effectus</span> <span class='ocrx_word' id='word_1_13' title='bbox 844 281 912 320; x_wconf 85' lang='lat' dir='ltr'>nun·</span> <span class='ocrx_word' id='word_1_14' title='bbox 959 299 966 320; x_wconf 54' lang='lat' dir='ltr'>t</span> 
     </span>
     <span class='ocr_line' id='line_1_3' title="bbox 105 325 968 404; baseline 0.001 -16"><span class='ocrx_word' id='word_1_15' title='bbox 105 337 239 388; x_wconf 87' lang='lat' dir='ltr'>ciabatur</span> <span class='ocrx_word' id='word_1_16' title='bbox 250 336 319 386; x_wconf 92' lang='lat' dir='ltr'>etin</span> <span class='ocrx_word' id='word_1_17' title='bbox 331 335 421 388; x_wconf 85' lang='lat' dir='ltr'><strong>Sicori</strong></span> <span class='ocrx_word' id='word_1_18' title='bbox 433 336 532 388; x_wconf 79' lang='lat' dir='ltr'>vadum</span> <span class='ocrx_word' id='word_1_19' title='bbox 545 338 747 404; x_wconf 80' lang='lat' dir='ltr'>reperiebatur.</span> <span class='ocrx_word' id='word_1_20' title='bbox 957 325 968 352; x_wconf 64' lang='lat'><strong>⁴</strong></span> 
     </span>
     <span class='ocr_line' id='line_1_4' title="bbox 133 405 913 476; baseline 0.008 -24"><span class='ocrx_word' id='word_1_21' title='bbox 133 449 135 452; x_wconf 88' lang='lat'>.</span> <span class='ocrx_word' id='word_1_22' title='bbox 162 405 261 456; x_wconf 85' lang='lat' dir='ltr'>LXlll.</span> <span class='ocrx_word' id='word_1_23' title='bbox 279 405 338 458; x_wconf 83' lang='lat' dir='ltr'>lam</span> <span class='ocrx_word' id='word_1_24' title='bbox 349 421 415 458; x_wconf 86' lang='lat' dir='ltr'>vero</span> <span class='ocrx_word' id='word_1_25' title='bbox 428 420 462 456; x_wconf 90' lang='lat' dir='ltr'>eo</span> <span class='ocrx_word' id='word_1_26' title='bbox 474 408 564 476; x_wconf 84' lang='lat' dir='ltr'>magis</span> <span class='ocrx_word' id='word_1_27' title='bbox 584 407 629 460; x_wconf 90' lang='lat' dir='ltr'>illi</span> <span class='ocrx_word' id='word_1_28' title='bbox 649 405 845 460; x_wconf 80' lang='lat' dir='ltr'>maturandum</span> <span class='ocrx_word' id='word_1_29' title='bbox 856 407 913 458; x_wconf 86' lang='lat' dir='ltr'>iter</span> 
     </span>
     <span class='ocr_line' id='line_1_5' title="bbox 106 475 913 542; baseline 0.002 -16"><span class='ocrx_word' id='word_1_30' title='bbox 106 476 320 528; x_wconf 83' lang='lat' dir='ltr'>existimabant.</span> <span class='ocrx_word' id='word_1_31' title='bbox 354 475 452 542; x_wconf 81' lang='lat' dir='ltr'>ltaque</span> <span class='ocrx_word' id='word_1_32' title='bbox 469 475 576 528; x_wconf 83' lang='lat' dir='ltr'>duobus</span> <span class='ocrx_word' id='word_1_33' title='bbox 592 477 776 530; x_wconf 78' lang='lat' dir='ltr'>auxiliaribus</span> <span class='ocrx_word' id='word_1_34' title='bbox 792 475 913 528; x_wconf 87' lang='lat' dir='ltr'>cohorti·</span> 
     </span>
     <span class='ocr_line' id='line_1_6' title="bbox 106 543 913 618; baseline 0 -21"><span class='ocrx_word' id='word_1_35' title='bbox 106 546 161 598; x_wconf 88' lang='lat' dir='ltr'>bus</span> <span class='ocrx_word' id='word_1_36' title='bbox 172 546 282 604; x_wconf 78' lang='lat' dir='ltr'>ilerdae</span> <span class='ocrx_word' id='word_1_37' title='bbox 293 545 434 612; x_wconf 84' lang='lat' dir='ltr'>praesidio</span> <span class='ocrx_word' id='word_1_38' title='bbox 451 545 574 609; x_wconf 86' lang='lat' dir='ltr'>relictis,</span> <span class='ocrx_word' id='word_1_39' title='bbox 595 543 724 600; x_wconf 87' lang='lat' dir='ltr'>omnibus</span> <span class='ocrx_word' id='word_1_40' title='bbox 736 547 825 614; x_wconf 84' lang='lat' dir='ltr'>copiis</span> <span class='ocrx_word' id='word_1_41' title='bbox 837 545 913 618; x_wconf 78' lang='lat' dir='ltr'>¹Sico-</span> 
     </span>
     <span class='ocr_line' id='line_1_7' title="bbox 105 613 914 686; baseline 0.002 -20"><span class='ocrx_word' id='word_1_42' title='bbox 105 616 162 666; x_wconf 85' lang='lat' dir='ltr'>rim</span> <span class='ocrx_word' id='word_1_43' title='bbox 174 621 323 668; x_wconf 85' lang='lat' dir='ltr'>transeunt</span> <span class='ocrx_word' id='word_1_44' title='bbox 335 620 436 668; x_wconf 87' lang='lat' dir='ltr'>etcum</span> <span class='ocrx_word' id='word_1_45' title='bbox 448 613 555 668; x_wconf 82' lang='lat' dir='ltr'>duabus</span> <span class='ocrx_word' id='word_1_46' title='bbox 566 617 736 686; x_wconf 79' lang='lat' dir='ltr'>legionibus,</span> <span class='ocrx_word' id='word_1_47' title='bbox 753 631 822 683; x_wconf 83' lang='lat' dir='ltr'>quas</span> <span class='ocrx_word' id='word_1_48' title='bbox 834 631 914 684; x_wconf 87' lang='lat' dir='ltr'>supe·</span> 
     </span>
     <span class='ocr_line' id='line_1_8' title="bbox 106 684 914 754; baseline 0 -18"><span class='ocrx_word' id='word_1_49' title='bbox 106 684 232 738; x_wconf 88' lang='lat' dir='ltr'>rioribus</span> <span class='ocrx_word' id='word_1_50' title='bbox 253 685 600 750; x_wconf 57' lang='lat' dir='ltr'>diebumtransduxerant,</span> <span class='ocrx_word' id='word_1_51' title='bbox 622 691 715 738; x_wconf 84' lang='lat' dir='ltr'>castra</span> <span class='ocrx_word' id='word_1_52' title='bbox 731 687 914 754; x_wconf 83' lang='lat' dir='ltr'>coniungunt.</span> 
     </span>
     <span class='ocr_line' id='line_1_9' title="bbox 106 753 925 828; baseline 0.002 -22"><span class='ocrx_word' id='word_1_53' title='bbox 106 755 329 822; x_wconf 71' lang='lat' dir='ltr'>Relinquebatur</span> <span class='ocrx_word' id='word_1_54' title='bbox 340 753 452 820; x_wconf 82' lang='lat' dir='ltr'>Caesari</span> <span class='ocrx_word' id='word_1_55' title='bbox 461 753 542 820; x_wconf 85' lang='lat' dir='ltr'>nihil,</span> <span class='ocrx_word' id='word_1_56' title='bbox 554 757 610 810; x_wconf 86' lang='lat' dir='ltr'>nisi</span> <span class='ocrx_word' id='word_1_57' title='bbox 621 757 664 807; x_wconf 91' lang='lat' dir='ltr'>uti</span> <span class='ocrx_word' id='word_1_58' title='bbox 674 757 800 825; x_wconf 82' lang='lat' dir='ltr'>equitatu</span> <span class='ocrx_word' id='word_1_59' title='bbox 811 771 912 828; x_wconf 80' lang='lat' dir='ltr'>agmen</span> <span class='ocrx_word' id='word_1_60' title='bbox 924 805 925 808; x_wconf 76' lang='grc'>,</span> 
     </span>
     <span class='ocr_line' id='line_1_10' title="bbox 106 823 913 894; baseline 0.001 -20"><span class='ocrx_word' id='word_1_61' title='bbox 106 823 333 887; x_wconf 80' lang='lat' dir='ltr'>adversariorum</span> <span class='ocrx_word' id='word_1_62' title='bbox 344 825 416 878; x_wconf 85' lang='lat' dir='ltr'>male</span> <span class='ocrx_word' id='word_1_63' title='bbox 427 823 545 877; x_wconf 84' lang='lat' dir='ltr'>baberet</span> <span class='ocrx_word' id='word_1_64' title='bbox 557 832 586 877; x_wconf 88' lang='lat' dir='ltr'>et</span> <span class='ocrx_word' id='word_1_65' title='bbox 597 832 736 894; x_wconf 79' lang='lat' dir='ltr'>carperet:</span> <span class='ocrx_word' id='word_1_66' title='bbox 756 839 827 894; x_wconf 85' lang='lat' dir='ltr'>pons</span> <span class='ocrx_word' id='word_1_67' title='bbox 839 825 913 876; x_wconf 89' lang='lat' dir='ltr'>enim</span> 
     </span>
     <span class='ocr_line' id='line_1_11' title="bbox 106 893 913 966; baseline 0.004 -23"><span class='ocrx_word' id='word_1_68' title='bbox 106 893 197 960; x_wconf 87' lang='lat' dir='ltr'>ipsius</span> <span class='ocrx_word' id='word_1_69' title='bbox 209 909 340 962; x_wconf 80' lang='lat' dir='ltr'>maguum</span> <span class='ocrx_word' id='word_1_70' title='bbox 352 894 499 949; x_wconf 85' lang='lat' dir='ltr'>circuitum</span> <span class='ocrx_word' id='word_1_71' title='bbox 510 893 640 966; x_wconf 76' lang='lat' dir='ltr'>babebat,</span> <span class='ocrx_word' id='word_1_72' title='bbox 651 895 913 948; x_wconf 74' lang='lat' dir='ltr'>utmulto&#39;breriore</span> 
     </span>
     <span class='ocr_line' id='line_1_12' title="bbox 107 959 927 1034; baseline 0.007 -20"><span class='ocrx_word' id='word_1_73' title='bbox 107 964 211 1016; x_wconf 88' lang='lat' dir='ltr'>itinere</span> <span class='ocrx_word' id='word_1_74' title='bbox 232 965 275 1016; x_wconf 94' lang='lat' dir='ltr'>illi</span> <span class='ocrx_word' id='word_1_75' title='bbox 296 965 457 1030; x_wconf 69' lang='lat' dir='ltr'>ailbertum</span> <span class='ocrx_word' id='word_1_76' title='bbox 473 959 620 1033; x_wconf 76' lang='lat' dir='ltr'>pervenire</span> <span class='ocrx_word' id='word_1_77' title='bbox 637 971 761 1034; x_wconf 84' lang='lat' dir='ltr'>possent.</span> <span class='ocrx_word' id='word_1_78' title='bbox 793 962 927 1031; x_wconf 67' lang='lat' dir='ltr'>Equites,</span> 
     </span>
     <span class='ocr_line' id='line_1_13' title="bbox 107 1033 914 1104; baseline 0.001 -21"><span class='ocrx_word' id='word_1_79' title='bbox 107 1033 142 1083; x_wconf 86' lang='lat' dir='ltr'>ab</span> <span class='ocrx_word' id='word_1_80' title='bbox 156 1035 279 1088; x_wconf 71' lang='lat' dir='ltr'>concissi</span> <span class='ocrx_word' id='word_1_81' title='bbox 292 1035 556 1098; x_wconf 76' lang='lat' dir='ltr'>tlumentranseunt</span> <span class='ocrx_word' id='word_1_82' title='bbox 572 1041 617 1098; x_wconf 89' lang='lat' dir='ltr'>et,</span> <span class='ocrx_word' id='word_1_83' title='bbox 638 1051 722 1104; x_wconf 84' lang='lat' dir='ltr'>quum</span> <span class='ocrx_word' id='word_1_84' title='bbox 733 1035 864 1088; x_wconf 81' lang='lat' dir='ltr'>detentio</span> <span class='ocrx_word' id='word_1_85' title='bbox 873 1033 914 1089; x_wconf 78' lang='lat' dir='ltr'>ri·</span> 
     </span>
     <span class='ocr_line' id='line_1_14' title="bbox 107 1103 915 1173; baseline 0.001 -19"><span class='ocrx_word' id='word_1_86' title='bbox 107 1103 179 1171; x_wconf 79' lang='lat' dir='ltr'>gilio</span> <span class='ocrx_word' id='word_1_87' title='bbox 190 1103 319 1162; x_wconf 73' lang='lat' dir='ltr'>Petreius</span> <span class='ocrx_word' id='word_1_88' title='bbox 330 1111 415 1173; x_wconf 86' lang='lat' dir='ltr'>atque</span> <span class='ocrx_word' id='word_1_89' title='bbox 426 1103 559 1156; x_wconf 78' lang='lat' dir='ltr'>Afranius</span> <span class='ocrx_word' id='word_1_90' title='bbox 580 1110 674 1158; x_wconf 85' lang='lat' dir='ltr'>castra</span> <span class='ocrx_word' id='word_1_91' title='bbox 689 1105 853 1166; x_wconf 80' lang='lat' dir='ltr'>movissent,</span> <span class='ocrx_word' id='word_1_92' title='bbox 871 1119 915 1155; x_wconf 90' lang='lat' dir='ltr'>rc-</span> 
     </span>
     <span class='ocr_line' id='line_1_15' title="bbox 99 1174 914 1242; baseline -0.002 -14"><span class='ocrx_word' id='word_1_93' title='bbox 99 1178 191 1241; x_wconf 74' lang='lat' dir='ltr'>pente</span> <span class='ocrx_word' id='word_1_94' title='bbox 203 1189 266 1232; x_wconf 77' lang='lat' dir='ltr'>sese</span> <span class='ocrx_word' id='word_1_95' title='bbox 277 1175 312 1226; x_wconf 86' lang='lat' dir='ltr'>ed</span> <span class='ocrx_word' id='word_1_96' title='bbox 325 1174 507 1240; x_wconf 71' lang='lat' dir='ltr'>nouissimum</span> <span class='ocrx_word' id='word_1_97' title='bbox 520 1189 622 1242; x_wconf 84' lang='lat' dir='ltr'>agmen</span> <span class='ocrx_word' id='word_1_98' title='bbox 633 1174 787 1226; x_wconf 87' lang='lat' dir='ltr'>ostendunt</span> <span class='ocrx_word' id='word_1_99' title='bbox 798 1182 840 1237; x_wconf 88' lang='lat' dir='ltr'>et,</span> <span class='ocrx_word' id='word_1_100' title='bbox 858 1187 914 1227; x_wconf 84' lang='lat' dir='ltr'>ma·</span> 
     </span>
     <span class='ocr_line' id='line_1_16' title="bbox 104 1243 913 1313; baseline 0.004 -21"><span class='ocrx_word' id='word_1_101' title='bbox 104 1257 162 1310; x_wconf 82' lang='lat' dir='ltr'>gna</span> <span class='ocrx_word' id='word_1_102' title='bbox 173 1243 352 1298; x_wconf 81' lang='lat' dir='ltr'>multitudine</span> <span class='ocrx_word' id='word_1_103' title='bbox 368 1243 549 1308; x_wconf 78' lang='lat' dir='ltr'>circumfusa,</span> <span class='ocrx_word' id='word_1_104' title='bbox 570 1245 677 1296; x_wconf 84' lang='lat' dir='ltr'>morari</span> <span class='ocrx_word' id='word_1_105' title='bbox 692 1250 775 1313; x_wconf 82' lang='lat' dir='ltr'>atque</span> <span class='ocrx_word' id='word_1_106' title='bbox 790 1244 848 1298; x_wconf 88' lang='lat' dir='ltr'>iter</span> <span class='ocrx_word' id='word_1_107' title='bbox 861 1243 913 1296; x_wconf 87' lang='lat' dir='ltr'>im·</span> 
     </span>
     <span class='ocr_line' id='line_1_17' title="bbox 107 1311 901 1381; baseline 0.005 -17"><span class='ocrx_word' id='word_1_108' title='bbox 107 1312 203 1378; x_wconf 85' lang='lat' dir='ltr'>pedire</span> <span class='ocrx_word' id='word_1_109' title='bbox 212 1314 360 1381; x_wconf 87' lang='lat' dir='ltr'>incipiunt.</span> <span class='ocrx_word' id='word_1_110' title='bbox 898 1311 901 1317; x_wconf 88' lang='grc'><strong>’</strong></span> 
     </span>
     <span class='ocr_line' id='line_1_18' title="bbox 125 1381 913 1452; baseline -0.003 -14"><span class='ocrx_word' id='word_1_111' title='bbox 125 1432 129 1438; x_wconf 94' lang='grc'><em>.</em></span> <span class='ocrx_word' id='word_1_112' title='bbox 159 1381 257 1444; x_wconf 65' lang='grc' dir='ltr'><strong>ΒΧΙΨ,</strong></span> <span class='ocrx_word' id='word_1_113' title='bbox 276 1384 372 1436; x_wconf 78' lang='lat' dir='ltr'>Prima</span> <span class='ocrx_word' id='word_1_114' title='bbox 387 1383 452 1436; x_wconf 88' lang='lat' dir='ltr'>luce</span> <span class='ocrx_word' id='word_1_115' title='bbox 471 1381 716 1452; x_wconf 83' lang='lat' dir='ltr'>exsuperioribus</span> <span class='ocrx_word' id='word_1_116' title='bbox 736 1383 820 1446; x_wconf 85' lang='lat' dir='ltr'>locis,</span> <span class='ocrx_word' id='word_1_117' title='bbox 841 1397 913 1452; x_wconf 82' lang='lat' dir='ltr'>quae</span> 
     </span>
    </p>
   </div>
   <div class='ocr_carea' id='block_1_3' title="bbox 14 1441 913 1522">
    <p class='ocr_par' dir='ltr' id='par_1_3' title="bbox 14 1441 913 1522">
     <span class='ocr_line' id='line_1_19' title="bbox 14 1441 913 1522; baseline 0.002 -19"><span class='ocrx_word' id='word_1_118' title='bbox 14 1441 15 1448; x_wconf 35' lang='lat'>¹</span> <span class='ocrx_word' id='word_1_119' title='bbox 107 1451 238 1506; x_wconf 75' lang='lat' dir='ltr'>Caesaris</span> <span class='ocrx_word' id='word_1_120' title='bbox 246 1455 348 1506; x_wconf 74' lang='lat' dir='ltr'>castris</span> <span class='ocrx_word' id='word_1_121' title='bbox 359 1460 439 1505; x_wconf 83' lang='lat' dir='ltr'>erant</span> <span class='ocrx_word' id='word_1_122' title='bbox 448 1455 605 1516; x_wconf 84' lang='lat' dir='ltr'>coniuncta,</span> <span class='ocrx_word' id='word_1_123' title='bbox 618 1454 795 1516; x_wconf 84' lang='lat' dir='ltr'>cernebatur,</span> <span class='ocrx_word' id='word_1_124' title='bbox 807 1453 913 1522; x_wconf 81' lang='lat' dir='ltr'>equita·</span> 
     </span>
    </p>
   </div>
   <div class='ocr_carea' id='block_1_4' title="bbox 106 1521 914 2425">
    <p class='ocr_par' dir='ltr' id='par_1_4' title="bbox 106 1521 914 2425">
     <span class='ocr_line' id='line_1_20' title="bbox 107 1521 914 1591; baseline 0.001 -18"><span class='ocrx_word' id='word_1_125' title='bbox 107 1528 152 1580; x_wconf 84' lang='lat' dir='ltr'>tus</span> <span class='ocrx_word' id='word_1_126' title='bbox 164 1524 256 1574; x_wconf 80' lang='lat' dir='ltr'>nostri</span> <span class='ocrx_word' id='word_1_127' title='bbox 270 1524 386 1590; x_wconf 89' lang='lat' dir='ltr'>proelio</span> <span class='ocrx_word' id='word_1_128' title='bbox 402 1524 570 1578; x_wconf 75' lang='lat' dir='ltr'>notissimos</span> <span class='ocrx_word' id='word_1_129' title='bbox 589 1523 703 1574; x_wconf 88' lang='lat' dir='ltr'>illorum</span> <span class='ocrx_word' id='word_1_130' title='bbox 722 1523 812 1591; x_wconf 87' lang='lat' dir='ltr'>premi</span> <span class='ocrx_word' id='word_1_131' title='bbox 830 1521 914 1574; x_wconf 75' lang='lat' dir='ltr'>rebe·-</span> 
     </span>
     <span class='ocr_line' id='line_1_21' title="bbox 108 1595 913 1662; baseline 0.001 -19"><span class='ocrx_word' id='word_1_132' title='bbox 108 1598 228 1656; x_wconf 79' lang='lat' dir='ltr'>menter,</span> <span class='ocrx_word' id='word_1_133' title='bbox 236 1595 642 1660; x_wconf 79' lang='lat' dir='ltr'>aunonnumquanrsubsistere</span> <span class='ocrx_word' id='word_1_134' title='bbox 650 1598 913 1662; x_wconf 80' lang='lat' dir='ltr'>extremumagmeb</span> 
     </span>
     <span class='ocr_line' id='line_1_22' title="bbox 107 1663 911 1733; baseline 0.004 -20"><span class='ocrx_word' id='word_1_135' title='bbox 107 1669 190 1729; x_wconf 78' lang='lat' dir='ltr'>atque</span> <span class='ocrx_word' id='word_1_136' title='bbox 196 1663 382 1732; x_wconf 84' lang='lat' dir='ltr'>interrumpi:</span> <span class='ocrx_word' id='word_1_137' title='bbox 395 1664 465 1715; x_wconf 83' lang='lat' dir='ltr'>alias</span> <span class='ocrx_word' id='word_1_138' title='bbox 474 1663 576 1716; x_wconf 84' lang='lat' dir='ltr'>inferri</span> <span class='ocrx_word' id='word_1_139' title='bbox 585 1663 666 1732; x_wconf 84' lang='lat' dir='ltr'>signa</span> <span class='ocrx_word' id='word_1_140' title='bbox 679 1669 709 1714; x_wconf 92' lang='lat' dir='ltr'>et</span> <span class='ocrx_word' id='word_1_141' title='bbox 718 1663 911 1733; x_wconf 79' lang='lat' dir='ltr'>universarum</span> 
     </span>
     <span class='ocr_line' id='line_1_23' title="bbox 107 1730 914 1802; baseline 0.002 -20"><span class='ocrx_word' id='word_1_142' title='bbox 107 1730 261 1792; x_wconf 84' lang='lat' dir='ltr'>cohortium</span> <span class='ocrx_word' id='word_1_143' title='bbox 271 1735 382 1802; x_wconf 82' lang='lat' dir='ltr'>impetu</span> <span class='ocrx_word' id='word_1_144' title='bbox 393 1739 505 1786; x_wconf 88' lang='lat' dir='ltr'>nostros</span> <span class='ocrx_word' id='word_1_145' title='bbox 515 1734 649 1802; x_wconf 88' lang='lat' dir='ltr'>propelli;</span> <span class='ocrx_word' id='word_1_146' title='bbox 665 1732 730 1787; x_wconf 87' lang='lat' dir='ltr'>dein</span> <span class='ocrx_word' id='word_1_147' title='bbox 737 1748 837 1786; x_wconf 82' lang='lat' dir='ltr'>rursus</span> <span class='ocrx_word' id='word_1_148' title='bbox 848 1734 914 1784; x_wconf 79' lang='lat' dir='ltr'>cun·</span> 
     </span>
     <span class='ocr_line' id='line_1_24' title="bbox 107 1802 914 1872; baseline 0.005 -20"><span class='ocrx_word' id='word_1_149' title='bbox 107 1817 203 1857; x_wconf 78' lang='lat' dir='ltr'>versos</span> <span class='ocrx_word' id='word_1_150' title='bbox 214 1802 333 1872; x_wconf 69' lang='lat' dir='ltr'>insequi,</span> <span class='ocrx_word' id='word_1_151' title='bbox 369 1805 450 1856; x_wconf 85' lang='lat' dir='ltr'>Totis</span> <span class='ocrx_word' id='word_1_152' title='bbox 466 1819 533 1856; x_wconf 84' lang='lat' dir='ltr'>vero</span> <span class='ocrx_word' id='word_1_153' title='bbox 551 1805 650 1856; x_wconf 85' lang='lat' dir='ltr'>castris</span> <span class='ocrx_word' id='word_1_154' title='bbox 665 1804 771 1870; x_wconf 85' lang='lat' dir='ltr'>milites</span> <span class='ocrx_word' id='word_1_155' title='bbox 782 1802 914 1858; x_wconf 78' lang='lat' dir='ltr'>circulari</span> 
     </span>
     <span class='ocr_line' id='line_1_25' title="bbox 108 1873 912 1938; baseline 0.002 -14"><span class='ocrx_word' id='word_1_156' title='bbox 108 1878 137 1924; x_wconf 86' lang='lat' dir='ltr'>et</span> <span class='ocrx_word' id='word_1_157' title='bbox 153 1873 258 1936; x_wconf 78' lang='lat' dir='ltr'>dolere,</span> <span class='ocrx_word' id='word_1_158' title='bbox 279 1873 392 1936; x_wconf 78' lang='lat' dir='ltr'>bostem,</span> <span class='ocrx_word' id='word_1_159' title='bbox 403 1875 576 1938; x_wconf 70' lang='lat' dir='ltr'>ermanibus</span> <span class='ocrx_word' id='word_1_160' title='bbox 592 1874 712 1938; x_wconf 79' lang='lat' dir='ltr'>-dinntti,</span> <span class='ocrx_word' id='word_1_161' title='bbox 733 1874 837 1928; x_wconf 88' lang='lat' dir='ltr'>bellum</span> <span class='ocrx_word' id='word_1_162' title='bbox 855 1888 912 1926; x_wconf 90' lang='lat' dir='ltr'>non</span> 
     </span>
     <span class='ocr_line' id='line_1_26' title="bbox 108 1943 911 2014; baseline 0.005 -22"><span class='ocrx_word' id='word_1_163' title='bbox 108 1943 267 1995; x_wconf 77' lang='lat' dir='ltr'>necessario</span> <span class='ocrx_word' id='word_1_164' title='bbox 288 1945 401 2014; x_wconf 83' lang='lat' dir='ltr'>longius</span> <span class='ocrx_word' id='word_1_165' title='bbox 422 1944 499 1995; x_wconf 84' lang='lat' dir='ltr'>duci:</span> <span class='ocrx_word' id='word_1_166' title='bbox 511 1945 704 2010; x_wconf 32' lang='lat' dir='ltr'>,centuriones</span> <span class='ocrx_word' id='word_1_167' title='bbox 721 1945 911 2012; x_wconf 83' lang='lat' dir='ltr'>tribunosque</span> 
     </span>
     <span class='ocr_line' id='line_1_27' title="bbox 108 2013 913 2083; baseline -0.002 -17"><span class='ocrx_word' id='word_1_168' title='bbox 108 2013 224 2066; x_wconf 80' lang='lat' dir='ltr'>militum</span> <span class='ocrx_word' id='word_1_169' title='bbox 243 2014 322 2069; x_wconf 74' lang='lat' dir='ltr'>&#39;adire</span> <span class='ocrx_word' id='word_1_170' title='bbox 345 2021 428 2083; x_wconf 81' lang='lat' dir='ltr'>atquo</span> <span class='ocrx_word' id='word_1_171' title='bbox 449 2015 606 2076; x_wconf 83' lang='lat' dir='ltr'>obsecrare,</span> <span class='ocrx_word' id='word_1_172' title='bbox 626 2021 659 2066; x_wconf 88' lang='lat' dir='ltr'>ut</span> <span class='ocrx_word' id='word_1_173' title='bbox 677 2029 729 2082; x_wconf 85' lang='lat' dir='ltr'>per</span> <span class='ocrx_word' id='word_1_174' title='bbox 744 2029 794 2080; x_wconf 84' lang='lat' dir='ltr'>eos</span> <span class='ocrx_word' id='word_1_175' title='bbox 809 2014 913 2065; x_wconf 83' lang='lat' dir='ltr'>Caesar</span> 
     </span>
     <span class='ocr_line' id='line_1_28' title="bbox 109 2081 913 2152; baseline 0.001 -20"><span class='ocrx_word' id='word_1_176' title='bbox 109 2083 212 2134; x_wconf 88' lang='lat' dir='ltr'>certior</span> <span class='ocrx_word' id='word_1_177' title='bbox 222 2081 314 2146; x_wconf 86' lang='lat' dir='ltr'>ficret,</span> <span class='ocrx_word' id='word_1_178' title='bbox 325 2099 358 2136; x_wconf 81' lang='lat' dir='ltr'>ne</span> <span class='ocrx_word' id='word_1_179' title='bbox 369 2083 457 2135; x_wconf 77' lang='lat' dir='ltr'>labori</span> <span class='ocrx_word' id='word_1_180' title='bbox 466 2099 514 2134; x_wconf 82' lang='lat' dir='ltr'>suo</span> <span class='ocrx_word' id='word_1_181' title='bbox 525 2100 576 2136; x_wconf 77' lang='lat' dir='ltr'>neu</span> <span class='ocrx_word' id='word_1_182' title='bbox 581 2083 706 2152; x_wconf 81' lang='lat' dir='ltr'>periculo</span> <span class='ocrx_word' id='word_1_183' title='bbox 712 2092 913 2152; x_wconf 75' lang='lat' dir='ltr'>paccerctrpa·</span> 
     </span>
     <span class='ocr_line' id='line_1_29' title="bbox 109 2151 913 2222; baseline 0.002 -20"><span class='ocrx_word' id='word_1_184' title='bbox 109 2159 246 2204; x_wconf 72' lang='lat' dir='ltr'>retorem</span> <span class='ocrx_word' id='word_1_185' title='bbox 257 2167 321 2214; x_wconf 79' lang='lat' dir='ltr'>sese,</span> <span class='ocrx_word' id='word_1_186' title='bbox 328 2168 407 2220; x_wconf 75' lang='lat' dir='ltr'>posce</span> <span class='ocrx_word' id='word_1_187' title='bbox 419 2162 445 2204; x_wconf 87' lang='lat' dir='ltr'>et</span> <span class='ocrx_word' id='word_1_188' title='bbox 457 2151 556 2204; x_wconf 74' lang='lat' dir='ltr'>auum</span> <span class='ocrx_word' id='word_1_189' title='bbox 567 2151 847 2222; x_wconf 74' lang='lat' dir='ltr'>eutromireflumen,</span> <span class='ocrx_word' id='word_1_190' title='bbox 858 2167 913 2218; x_wconf 80' lang='lat' dir='ltr'>qua</span> 
     </span>
     <span class='ocr_line' id='line_1_30' title="bbox 110 2221 912 2288; baseline -0.002 -16"><span class='ocrx_word' id='word_1_191' title='bbox 110 2221 281 2282; x_wconf 77' lang='lat' dir='ltr'>transductus</span> <span class='ocrx_word' id='word_1_192' title='bbox 294 2231 363 2278; x_wconf 76' lang='lat' dir='ltr'>esset</span> <span class='ocrx_word' id='word_1_193' title='bbox 377 2221 523 2286; x_wconf 69' lang='lat' dir='ltr'>equitatus.</span> <span class='ocrx_word' id='word_1_194' title='bbox 560 2221 790 2288; x_wconf 66' lang='lat' dir='ltr'>(lucrumstudio</span> <span class='ocrx_word' id='word_1_195' title='bbox 802 2228 831 2288; x_wconf 84' lang='lat' dir='ltr'>et</span> <span class='ocrx_word' id='word_1_196' title='bbox 841 2223 912 2271; x_wconf 86' lang='lat' dir='ltr'>voci-</span> 
     </span>
     <span class='ocr_line' id='line_1_31' title="bbox 106 2285 912 2358; baseline -0.004 -15"><span class='ocrx_word' id='word_1_197' title='bbox 106 2291 158 2344; x_wconf 84' lang='lat' dir='ltr'>bus</span> <span class='ocrx_word' id='word_1_198' title='bbox 170 2291 308 2343; x_wconf 80' lang='lat' dir='ltr'>excitatus</span> <span class='ocrx_word' id='word_1_199' title='bbox 321 2292 434 2353; x_wconf 83' lang='lat' dir='ltr'>Cacsar,</span> <span class='ocrx_word' id='word_1_200' title='bbox 445 2291 499 2342; x_wconf 90' lang='lat' dir='ltr'>etsi</span> <span class='ocrx_word' id='word_1_201' title='bbox 507 2291 627 2343; x_wconf 85' lang='lat' dir='ltr'>timebat</span> <span class='ocrx_word' id='word_1_202' title='bbox 637 2296 733 2344; x_wconf 80' lang='lat' dir='ltr'>tantae</span> <span class='ocrx_word' id='word_1_203' title='bbox 744 2285 912 2358; x_wconf 83' lang='lat' dir='ltr'>magnitudi-</span> 
     </span>
     <span class='ocr_line' id='line_1_32' title="bbox 109 2359 911 2425; baseline -0.006 -10"><span class='ocrx_word' id='word_1_204' title='bbox 109 2361 151 2415; x_wconf 84' lang='lat' dir='ltr'>nis</span> <span class='ocrx_word' id='word_1_205' title='bbox 160 2359 268 2412; x_wconf 78' lang='lat' dir='ltr'>flumini</span> <span class='ocrx_word' id='word_1_206' title='bbox 279 2361 432 2418; x_wconf 82' lang='lat' dir='ltr'>exercitum</span> <span class='ocrx_word' id='word_1_207' title='bbox 445 2361 580 2423; x_wconf 86' lang='lat' dir='ltr'>obiicere,</span> <span class='ocrx_word' id='word_1_208' title='bbox 598 2361 756 2425; x_wconf 80' lang='lat' dir='ltr'>¹conamlum</span> <span class='ocrx_word' id='word_1_209' title='bbox 767 2368 859 2412; x_wconf 78' lang='lat' dir='ltr'>tannen</span> <span class='ocrx_word' id='word_1_210' title='bbox 871 2366 911 2411; x_wconf 87' lang='lat' dir='ltr'>ut-</span> 
     </span>
    </p>
   </div>
   <div class='ocr_carea' id='block_1_5' title="bbox 81 2425 911 2784">
    <p class='ocr_par' dir='ltr' id='par_1_5' title="bbox 81 2425 911 2784">
     <span class='ocr_line' id='line_1_33' title="bbox 109 2425 910 2499; baseline 0.002 -17"><span class='ocrx_word' id='word_1_211' title='bbox 109 2429 492 2499; x_wconf 71' lang='lat' dir='ltr'>quezexperiendumiudicat.</span> <span class='ocrx_word' id='word_1_212' title='bbox 517 2431 615 2497; x_wconf 80' lang='lat' dir='ltr'>ltaque</span> <span class='ocrx_word' id='word_1_213' title='bbox 625 2425 793 2496; x_wconf 81' lang='lat' dir='ltr'>infirmiores</span> <span class='ocrx_word' id='word_1_214' title='bbox 804 2425 910 2484; x_wconf 77' lang='lat' dir='ltr'>nulites</span> 
     </span>
     <span class='ocr_line' id='line_1_34' title="bbox 109 2499 911 2569; baseline -0.002 -15"><span class='ocrx_word' id='word_1_215' title='bbox 109 2517 143 2554; x_wconf 82' lang='lat' dir='ltr'>ex</span> <span class='ocrx_word' id='word_1_216' title='bbox 153 2501 280 2554; x_wconf 87' lang='lat' dir='ltr'>omnibus</span> <span class='ocrx_word' id='word_1_217' title='bbox 288 2499 427 2553; x_wconf 80' lang='lat' dir='ltr'>centuriis</span> <span class='ocrx_word' id='word_1_218' title='bbox 439 2499 526 2567; x_wconf 81' lang='lat' dir='ltr'>deligi</span> <span class='ocrx_word' id='word_1_219' title='bbox 535 2499 636 2566; x_wconf 84' lang='lat' dir='ltr'>iubet,</span> <span class='ocrx_word' id='word_1_220' title='bbox 658 2506 836 2569; x_wconf 86' lang='lat' dir='ltr'>quorumaut</span> <span class='ocrx_word' id='word_1_221' title='bbox 852 2500 911 2552; x_wconf 82' lang='lat' dir='ltr'>nni-</span> 
     </span>
     <span class='ocr_line' id='line_1_35' title="bbox 84 2567 910 2639; baseline -0.002 -15"><span class='ocrx_word' id='word_1_222' title='bbox 84 2627 86 2631; x_wconf 14' lang='grc'><strong><em>1</em></strong></span> <span class='ocrx_word' id='word_1_223' title='bbox 107 2579 166 2624; x_wconf 76' lang='lat' dir='ltr'>&#39;mue</span> <span class='ocrx_word' id='word_1_224' title='bbox 178 2577 226 2624; x_wconf 86' lang='lat' dir='ltr'>aut</span> <span class='ocrx_word' id='word_1_225' title='bbox 237 2570 313 2622; x_wconf 79' lang='lat' dir='ltr'>vires</span> <span class='ocrx_word' id='word_1_226' title='bbox 324 2569 490 2630; x_wconf 84' lang='lat' dir='ltr'>ridebantur</span> <span class='ocrx_word' id='word_1_227' title='bbox 501 2573 642 2635; x_wconf 77' lang='lat' dir='ltr'>sustinere</span> <span class='ocrx_word' id='word_1_228' title='bbox 662 2587 719 2622; x_wconf 86' lang='lat' dir='ltr'>uon</span> <span class='ocrx_word' id='word_1_229' title='bbox 735 2585 837 2639; x_wconf 85' lang='lat' dir='ltr'>posse:</span> <span class='ocrx_word' id='word_1_230' title='bbox 853 2567 910 2622; x_wconf 76' lang='lat' dir='ltr'>[bus</span> 
     </span>
     <span class='ocr_line' id='line_1_36' title="bbox 109 2640 910 2712; baseline -0.002 -18"><span class='ocrx_word' id='word_1_231' title='bbox 109 2642 356 2712; x_wconf 72' lang='lat' dir='ltr'>cunrlegiuneuna</span> <span class='ocrx_word' id='word_1_232' title='bbox 366 2640 508 2708; x_wconf 62' lang='lat' dir='ltr'>praesidio</span> <span class='ocrx_word' id='word_1_233' title='bbox 515 2643 617 2704; x_wconf 83' lang='lat' dir='ltr'>castris</span> <span class='ocrx_word' id='word_1_234' title='bbox 630 2643 776 2710; x_wconf 82' lang='lat' dir='ltr'>relinquit:</span> <span class='ocrx_word' id='word_1_235' title='bbox 788 2641 910 2709; x_wconf 72' lang='lat' dir='ltr'>reliques</span> 
     </span>
     <span class='ocr_line' id='line_1_37' title="bbox 81 2710 909 2784; baseline 0.002 -20"><span class='ocrx_word' id='word_1_236' title='bbox 81 2771 82 2775; x_wconf 7' lang='grc' dir='ltr'>η</span> <span class='ocrx_word' id='word_1_237' title='bbox 109 2712 230 2782; x_wconf 81' lang='lat' dir='ltr'>legiones</span> <span class='ocrx_word' id='word_1_238' title='bbox 244 2711 393 2781; x_wconf 76' lang='lat' dir='ltr'>expetitas</span> <span class='ocrx_word' id='word_1_239' title='bbox 402 2710 496 2778; x_wconf 81' lang='lat' dir='ltr'>educit</span> <span class='ocrx_word' id='word_1_240' title='bbox 507 2728 663 2784; x_wconf 72' lang='lat' dir='ltr'>magnoque</span> <span class='ocrx_word' id='word_1_241' title='bbox 669 2726 790 2766; x_wconf 68' lang='lat' dir='ltr'>‚numero</span> <span class='ocrx_word' id='word_1_242' title='bbox 801 2713 909 2783; x_wconf 79' lang='lat' dir='ltr'>iumen·</span> 
     </span>
    </p>
   </div>
   <div class='ocr_carea' id='block_1_6' title="bbox 0 0 1100 3140">
    <p class='ocr_par' dir='ltr' id='par_1_6' title="bbox 0 0 1100 3140">
     <span class='ocr_line' id='line_1_38' title="bbox 0 0 1100 3140; baseline 0 0"><span class='ocrx_word' id='word_1_243' title='bbox 0 0 1100 3140; x_wconf 95' lang='lat' dir='ltr'> </span> 
     </span>
    </p>
   </div>
  </div>
 </body>
</html>
