2168 3134
178 155 235 234 '252
399 174 773 232 cananaeorum

182 289 261 338 cerat
270 283 349 345 duos,
359 284 436 336 inter
445 297 476 334 se
485 282 623 334 distantes
631 282 710 334 milia
718 281 848 350 passuum
859 288 994 350 quatuor.

183 355 236 408 liis
247 354 378 422 pontibus
388 352 549 419 pabulatum
561 352 703 414 mittebat;
724 353 797 421 quod
810 369 852 415 ea,
868 369 942 421 quae
955 354 995 406 ci·

177 432 231 478 -tra
241 423 345 478 liunren
355 422 479 484 inerant,
488 422 783 488 superioribusdiebus
789 431 994 475 consumserat.

182 497 246 548 Hoc
264 493 338 556 idem
351 493 426 555 fero,
448 497 533 559 atque
544 491 641 544 eadem
653 491 688 544 de
699 507 806 556 caussa,
824 491 995 560 Pompeiani

181 561 325 618 'exercitus
335 563 418 615 duces
428 561 584 624 iaciebant,
605 561 760 630 crebroque
775 565 851 614 inter
865 577 896 614 se
906 578 995 631 eque·

183 635 288 688 stribus
298 633 411 700 proeliis
422 631 640 684 contendebant.
659 633 722 684 llus
731 649 814 700 quum
825 633 996 701 quotidiana

183 701 384 757 cousuetudine
409 715 579 768 congressae
607 703 819 768 pabulatoribus
848 703 994 769 praesidio

182 775 297 842 proprio
311 773 437 841 legiones
448 771 588 831 Fabianae
603 771 675 822 duae
695 771 798 825 ssumen
812 775 994 836 transissent,

183 843 437 912 impedimentaque
445 842 574 896 etomnis
583 845 725 909 equitatus
737 848 916 911 sequeretur:
927 843 996 894 sub-

183 915 224 967 ito
235 915 262 964 vi
272 919 418 964 ventorum
430 917 460 964 et
470 926 558 980 aquae
569 913 760 980 magnitudine
772 928 840 980 pons
851 919 894 965 est
902 916 994 964 inter-

183 989 282 1050 ruptus
294 989 323 1034 et
333 983 441 1049 reliqua
450 981 600 1032 multitudo
612 984 736 1050 equitum
747 983 909 1035 interclusa.
926 985 993 1046 Quo
1065 1012 1067 1029 ·

183 1053 297 1120 cognito
309 1067 327 1103 a
337 1051 449 1104 Petreio
466 1057 495 1102 et
505 1050 621 1103 Afranio
638 1067 673 1104 cx
688 1067 792 1121 aggere
806 1059 891 1120 atque
907 1055 993 1105 crati·

182 1125 245 1185 bus,
266 1137 337 1190 quae
354 1122 468 1174 ilumine
488 1120 661 1185 serebantur,
683 1125 814 1175 celeriter
833 1138 885 1172 suo
923 1130 992 1174 onte

181 1193 323 1254 Afranius,
345 1209 426 1260 quem
438 1191 540 1258 oppidu
552 1194 707 1260 castrisque
717 1197 895 1244 coniunctum
903 1140 990 1244 iane·

182 1265 246 1326 bat,
262 1263 390 1331 legiones
401 1270 522 1330 quatuor
533 1263 741 1330 equitatumque
752 1278 862 1315 onlnem
873 1265 991 1314 transie-

183 1336 222 1386 cit
233 1333 395 1401 duabusque
412 1332 542 1384 Fabianis
561 1334 684 1384 occurrit
703 1332 867 1400 legionibus.
904 1334 990 1384 Cuius

182 1403 304 1456 adventu
315 1404 464 1465 nunciato,
485 1401 518 1452 L.
529 1400 661 1464 Plancus,
680 1403 728 1469 qui
744 1402 898 1468 legionibus
910 1408 990 1471 prae

184 1468 256 1538 erat,
271 1474 430 1526 necessaria
440 1487 472 1524 re
483 1477 604 1534 coactus,
620 1473 712 1524 iocum
724 1475 798 1539 capit
808 1474 990 1538 superiorem,

181 1541 377 1611 diversamque
388 1544 478 1596 aciem
489 1543 518 1592 in
529 1541 598 1592 duas
614 1548 708 1608 partes
723 1545 883 1605 constituit,
903 1559 938 1594 ne
952 1543 989 1594 ab

182 1615 308 1681 equitatu
318 1612 513 1665 circumveniri
525 1617 626 1676 posset.
647 1613 699 1674 lta,
710 1627 876 1680 congressus
887 1613 988 1678 impari

181 1698 311 1746 numero,
332 1697 448 1748 magnos
458 1681 729 1749 impetuslegiunum
742 1684 935 1750 equitatusque
944 1697 989 1732 su·

181 1754 277 1816 stinet.
295 1753 448 1803 Commisso
460 1751 494 1801 ab
505 1752 643 1818 equitibus
655 1752 769 1818 proelio,
781 1752 860 1820 signa
870 1752 986 1804 duarum

180 1822 322 1887 legionum
334 1821 432 1886 procul
447 1820 482 1871 ab
497 1820 622 1886 utrisque
634 1823 859 1888 conspiciuntur,
877 1837 946 1890 quas
957 1823 985 1873 C.

180 1889 283 1954 Fabius
293 1889 429 1942 ulteriore
443 1895 528 1956 ponte
546 1891 668 1942 subsidio
683 1893 785 1942 nostris
795 1893 923 1954 miserat,
944 1907 986 1942 su-

181 1961 303 2026 spicatus
313 1958 374 2010 iore
390 1959 434 2022 id,
455 1959 531 2025 quod
544 1960 656 2022 accidit,
678 1965 710 2010 ut
719 1960 803 2013 duces
815 1961 985 2014 adversario-

180 2045 243 2081 rum
255 2029 400 2080 0ccasione
410 2034 438 2080 et
447 2028 583 2081 beneficio
594 2029 724 2082 fomunoe
732 2031 766 2083 ad
776 2037 887 2084 nostros
897 2033 986 2098 oppri-

181 2098 298 2151 mendos
312 2104 471 2151 uterentur:
490 2113 606 2166 quarum
626 2099 750 2152 adventu
769 2101 906 2168 proelium
921 2102 985 2154 diri·

181 2171 268 2222 mitur
278 2184 311 2222 ae
321 2184 385 2220 suns
396 2175 513 2237 uterquc
524 2169 650 2236 legiones
661 2171 770 2223 reducit
780 2172 808 2221 in
820 2177 918 2222 castra.

233 2240 308 2292 XLI.
343 2241 386 2292 Eo
395 2238 481 2291 biduo
493 2240 595 2291 Caesar
604 2255 667 2292 cum
678 2241 817 2307 equitibus
829 2241 985 2309 nongentis,
1067 2225 1069 2244 ⁴

181 2325 252 2378 quos
271 2309 324 2361 sibi
344 2309 486 2376 praesidio
507 2310 676 2378 reliquerat,
695 2311 836 2364 incastra
850 2313 984 2378 pervenit.

180 2377 271 2442 Pons,
281 2381 328 2446 qui
339 2378 433 2430 iuerat
444 2384 614 2447 tempestate
625 2381 810 2447 interruptus,
826 2395 915 2448 paene
925 2387 985 2450 erat

180 2449 319 2500 refectus:
340 2447 415 2499 bunc
433 2455 516 2500 noctu
534 2448 631 2514 perfici
651 2451 742 2501 iussit.
777 2451 854 2516 lpse,
874 2451 984 2517 cognitu

180 2517 306 2568 locorum
322 2523 439 2578 nutura,
460 2519 539 2583 ponti
556 2519 711 2587 castrisque
727 2519 867 2586 praesidio
879 2533 928 2570 sex
940 2535 983 2571 co·

181 2583 272 2636 bortis
286 2587 421 2653 relinquit
435 2593 518 2654 atque
529 2589 623 2638 omnia
633 2589 845 2656 impedimenta,
855 2595 885 2641 et
893 2595 983 2654 poste·

182 2667 213 2706 ro
224 2654 269 2706 die
280 2655 408 2705 omnibus
420 2657 518 2720 copiis,
530 2657 629 2722 triplici
640 2659 776 2710 instructa
786 2661 859 2723 scie,
870 2659 905 2710 ad
917 2657 983 2710 ller-

183 2721 246 2774 dant
259 2721 446 2789 proficiscitur
460 2731 489 2777 et
500 2724 551 2776 sub
561 2727 661 2778 eastris
671 2727 778 2779 Afranii
789 2729 927 2782 constitit:
946 2735 982 2790 ei,
