2152 3144
284 177 657 232 ALEXANDRINO.
825 175 875 231 391

72 282 278 338 Alexandrinos
295 295 330 334 ex
339 280 457 333 castello
473 283 501 332 iu
513 287 606 334 castra
616 290 682 332 eunt
693 281 795 333 milites
806 283 880 333 inse·

73 355 140 417 cuti,
158 352 357 404 munitionibus
367 357 560 404 successerunt
571 353 760 419 acerrimeque
772 353 879 404 eminus

72 424 203 492 proeliari
215 426 377 490 coeperunt.
413 421 529 473 Duabus
546 437 580 473 ex
591 423 717 489 partibus
728 421 821 472 aditus
833 436 880 488 op-

76 492 255 561 pugnationis
267 493 370 542 nostris
381 491 513 552 dabatur3
531 507 596 554 una,
612 506 695 559 quarn
705 491 825 543 liberum
836 507 880 543 ao·

77 577 182 616 cessum
194 561 298 614 habere
310 561 513 624 demonstratu
535 562 636 625 altera,
659 576 729 628 quae
741 561 881 616 mediocre

74 631 254 684 intervallum
274 631 351 683 inter
371 636 464 683 castra
482 639 511 682 et
524 629 628 683 flumen
643 631 736 683 Nilum
753 629 881 684 habebat.

75 703 201 754 Maxima
220 707 249 753 et
270 701 439 752 electissima
459 701 710 753 Alexandrinorum
731 701 881 754 multitudo

76 770 244 824 defendebat
256 785 316 822 earn
328 777 446 836 partem,
458 786 529 838 quae
541 770 704 822 facillimum
716 771 821 822 aditum
832 769 882 822 ha·

75 841 168 893 bobat.
203 840 356 892 Plurimum
371 847 463 892 autern
475 839 659 908 proficiebant
672 843 701 891 in
712 841 883 907 repellendis

75 909 310 978 vulnerandisque
320 912 433 973 nostris,
444 912 490 978 qni
501 911 616 978 regione
624 909 745 962 fluminis
751 910 776 962 N
778 911 809 960 ili
819 925 882 977 pro-

76 981 250 1046 pugnabant:
269 980 384 1031 diversis
396 982 467 1032 enim
479 981 545 1033 telis
556 985 646 1032 nostri
656 983 824 1048 Agebantur,
835 981 883 1032 ad-

76 1052 150 1100 versi
162 1065 197 1102 ex
207 1049 281 1101 vallo
292 1056 461 1112 castrorum,
490 1053 581 1102 aversi
593 1065 626 1102 ex
636 1050 763 1112 flumine,
787 1052 815 1102 in
826 1067 882 1119 quo
966 1055 969 1060 '

76 1119 183 1171 multae
194 1134 292 1182 nares,
312 1121 467 1171 instructae
478 1119 666 1172 funditoribus
677 1127 707 1182 et
716 1121 883 1188 sagittariis,

76 1194 188 1240 nostros
200 1190 410 1256 impugnabant.

127 1258 229 1310 xxxi.
249 1261 361 1322 Caesar,
373 1274 456 1326 quum
467 1258 584 1323 videret,
595 1259 700 1310 milites
706 1259 884 1325 acriusproe·

75 1329 199 1380 liarinon
212 1344 302 1395 posse,
315 1345 367 1380 neo
378 1335 470 1380 tamen
481 1329 599 1380 multum
611 1328 887 1396 p1·osrcipropterlo-,

76 1413 169 1449 corum
182 1398 388 1461 difficultatem
418 1413 556 1465 quumque
572 1400 693 1448 animum
711 1398 882 1461 adverteret,

76 1467 296 1520 excelsissimum
319 1468 410 1519 locum
433 1473 587 1518 castrorum
615 1468 743 1519 relictum
763 1482 824 1518 esse
845 1468 882 1518 ab

77 1537 288 1600 Alexandrinis,
315 1537 387 1604 quod
401 1541 430 1587 et
438 1552 488 1603 per
499 1551 529 1587 se
542 1537 667 1587 munitus
677 1543 766 1600 esset,
787 1542 816 1588 et
825 1542 883 1587 stu-

77 1608 124 1659 dio
136 1610 235 1672 partim
252 1607 407 1674 pugnandi,
435 1609 538 1673 partim
554 1605 698 1672 spectandi
712 1607 883 1658 decucurris-

78 1685 142 1728 sent
153 1679 182 1726 in
193 1693 254 1730 eurn
266 1678 367 1740 locum,
377 1679 405 1727 in
418 1692 472 1744 quo
484 1676 673 1744 pugnabatur3
690 1675 820 1728 cobortes
830 1677 882 1728 iilo

77 1748 195 1798 circuire
216 1753 309 1798 castra
331 1754 360 1798 et
380 1762 517 1798 summum
539 1746 629 1796 locum
652 1745 768 1814 adgredi
785 1748 883 1810 iussit;

77 1818 168 1886 iisque
179 1817 358 1868 Carfulenum
375 1818 522 1883 praetecit,
553 1820 581 1866 et
591 1817 676 1868 animi
689 1815 882 1885 magnitudine

78 1893 107 1938 et
118 1889 160 1940 rei
171 1887 301 1938 utilitatis
312 1887 426 1938 scientia
437 1887 525 1937 tirum
544 1891 741 1952 praestantem.
777 1886 839 1948 Quo
850 1893 883 1936 ut

78 1963 189 2008 rentum
201 1963 258 2020 est,
282 1957 378 2024 paucis
389 1955 601 2008 defendentibus
613 1958 808 2018 munitionem,
834 1972 882 2006 no-

77 2029 142 2077 stris
154 2033 252 2078 contra
264 2027 398 2078 militibus
410 2027 545 2078 acerrime
556 2027 751 2092 pugnantibus,
770 2026 882 2077 divorso

78 2095 199 2146 clamore
210 2103 238 2148 et
249 2097 354 2163 proelio
366 2097 508 2163 perterriti
517 2096 713 2160 Alexandrini,
742 2095 884 2162 trepidan-

78 2170 121 2215 tes
132 2165 161 2215 in
174 2179 269 2217 omnes
279 2170 373 2232 partes
386 2173 541 2217 castrorum
557 2165 713 2216 discurrere
724 2170 883 2231 coeperunt.

79 2233 203 2295 Quorum
226 2235 436 2300 perturbatione
457 2239 617 2285 nostrorum
634 2236 718 2284 animi
731 2234 801 2286 adeo
817 2241 884 2285 sunt

79 2305 201 2366 incitati,
221 2310 254 2354 ut
275 2319 362 2370 paene
374 2304 471 2356 codem
482 2310 606 2371 tempore
616 2319 650 2356 ex
663 2304 790 2355 omnibus
800 2306 885 2370 parti·

78 2373 145 2435 bus,
174 2374 256 2440 primi
271 2381 363 2424 tamen
375 2373 556 2425 editissimum
573 2374 662 2424 locum
675 2379 831 2424 castrorum
842 2389 885 2425 ca=

80 2449 189 2508 perent:
220 2459 254 2494 ex
268 2458 323 2511 quo
341 2442 519 2495 decurrentes
536 2459 665 2511 magnam
676 2442 882 2495 multitudinem
936 2459 937 2464 ¹

80 2513 200 2565 hostium
220 2515 248 2564 in
269 2515 367 2566 castris
386 2512 592 2564 interfecerunt.
629 2514 708 2576 Quod
729 2512 883 2582 periculum

80 2583 204 2652 pior-ique
214 2583 395 2638 Alexandrini
405 2582 552 2650 fugientes,
563 2587 713 2636 acervatim
725 2599 754 2635 so
762 2583 798 2636 do
807 2583 882 2635 valio

83 2656 337 2722 praecipitaverunt
350 2656 377 2704 io
394 2669 454 2706 enm
471 2661 591 2721 partem,
621 2669 692 2722 quae
705 2653 884 2724 fluminierat

82 2724 219 2782 adiuncta.
256 2725 363 2786 Horum
387 2725 483 2792 primis
503 2727 532 2776 in
553 2727 612 2795 ipsa
632 2726 708 2780 fossa
723 2725 881 2780 munitionis

205 2855 211 2884 l
