2124 3154
201 235 258 286 nso
483 233 544 286 uu
569 221 733 288 inuno

206 357 237 392 se
247 338 456 392 contaminasse:
484 338 860 406 multnprnetereedixissec
883 350 1008 403 maora·

206 410 286 461 tione
298 409 464 472 deterritos,
486 410 604 474 emplius
614 410 817 476 iugulationem
828 422 885 457 nou
897 407 1009 458 iecisse.

260 479 348 531 xvtl.
377 479 419 530 lts
428 483 544 545 postero
555 477 601 529 die
611 479 723 529 'rullius
733 479 844 548 legatus
856 491 918 526 cum
928 477 1011 526 csto-

208 549 386 601 neLusitnno
399 548 513 599 renitet
524 548 751 613 apudcaesarem
762 549 849 600 verba
859 545 937 596 iecit:
951 543 1011 596 Uti-

207 618 384 686 uarnquidem
401 617 440 668 dii
454 615 618 668 immortales
647 616 773 682 scissent,
799 626 831 668 ut
841 624 904 666 tous
915 615 1010 683 potius

158 712 162 724 ·
201 688 290 750 miles,
308 703 388 754 quam
400 685 449 739 Cn.
460 685 594 754 Pompeii,
607 617 706 758 fictus
717 703 799 739 essem
808 695 836 738 et
845 684 917 736 lianc
926 683 1011 736 eism-

207 758 244 810 tis
254 756 434 810 constantiam
443 755 474 808 in
483 764 530 808 tua
541 756 666 820 victoria,
686 773 739 814 non
747 757 778 810 in
787 755 862 807 illius
871 753 1012 805 calantita-

208 837 236 879 te
242 835 427 894 praestarem:
449 825 525 878 cuius
536 825 667 898 funestae
678 827 769 878 laudes
782 824 879 893 quippe
894 824 930 873 ad
940 822 1010 875 hanc

204 897 350 971 fortunam
366 895 535 959 reciderunt,
566 904 598 947 ut
618 895 688 948 ciues
702 895 832 957 Romani,
858 892 1011 962 indigentes

205 964 351 1034 praesidii,
382 964 432 1030 [et]
444 975 559 1032 propter
570 965 684 1032 patriae
698 968 850 1017 luctuosam
862 962 1012 1030 perniciem

208 1034 336 1086 dedamur
347 1033 462 1086 hostium
472 1051 597 1088 numero.-
607 1035 654 1102 qui
665 1052 748 1104 neque
757 1033 788 1087 in
797 1032 871 1085 illius
877 1047 1012 1100 prospera

208 1103 267 1156 acie
278 1104 395 1172 primam
407 1103 571 1186 fortunam,
598 1121 682 1172 neque
696 1105 726 1157 in
740 1106 852 1155 adama
867 1103 1012 1155 secundam

208 1173 369 1228 obtinuimus
386 1173 544 1226 oratoriam.-
574 1173 621 1242 qui
634 1174 769 1244 legionum
785 1181 826 1224 tot
838 1171 957 1239 impetus
970 1187 1013 1222 ssa·

197 1252 369 1306 -stentantes,
397 1242 537 1297 nocturnis
552 1242 708 1309 diurnisque
722 1241 845 1311 operibus
853 1241 1012 1310 gladiorum

207 1313 279 1366 ictus
290 1316 454 1382 telorumque
464 1313 557 1365 missus
573 1322 770 1380 exspectantes,
799 1310 1013 1364 rictietdeserti

207 1384 380 1452 aPompeio,
408 1383 569 1435 tuaoirtute
584 1383 721 1451 superati,
748 1383 1013 1435 salutematuacle-

199 1453 309 1508 ruentia
321 1454 500 1522 deposcinsus,·
516 1452 700 1522 petimusque,
727 1461 760 1504 ut
769 1453 874 1519 qualem
885 1449 1013 1521 tegenti·

199 1525 255 1576 -bus
261 1524 443 1593 praestitisti,
467 1523 581 1575 similem
589 1522 618 1574 in
628 1522 726 1574 ciuium
736 1521 868 1574 deditione
876 1529 1012 1588 praestes.
1052 1515 1053 1557 l

206 1596 253 1658 Et,
271 1597 384 1662 qualem,
403 1595 451 1655 ait,
463 1593 591 1660 gentibus
602 1607 643 1644 me
649 1591 790 1660 praestiti,
810 1591 924 1644 similem
934 1590 965 1644 irs
976 1590 1012 1642 ci·

198 1664 279 1716 -oium
289 1663 585 1729 deditiouepraestabo.
1051 1709 1052 1724 ,

259 1733 355 1786 XVlll.
374 1733 510 1784 Remissis
522 1732 635 1800 legatis,
656 1734 740 1798 q'uum
752 1731 787 1782 ad
798 1735 909 1799 portum
920 1731 1015 1782 renis·
1051 1727 1052 1787 l

206 1809 277 1863 sent,
292 1803 336 1852 ut.
348 1802 457 1852 Tullius
468 1817 552 1869 quum
564 1803 754 1853 introeuntem
766 1802 795 1852 C.
805 1803 962 1852 Antonium
975 1803 1016 1851 in-

205 1877 317 1924 secutus
332 1885 389 1920 non
404 1877 493 1934 esset,
522 1872 640 1921 revertit
655 1871 690 1922 ud
702 1877 812 1938 portam
826 1877 856 1923 et
866 1869 1016 1922 hominene

205 1939 398 2008 adprehendit.
435 1939 515 2000 Quod
525 1941 655 1991 Tiberius
667 1957 751 2008 quum
762 1939 825 1992 fieri
835 1941 1016 1993 animadver-

205 2012 256 2074 tit,
286 2012 350 2062 sinu
367 2010 517 2077 pugionem
538 2008 635 2061 eduxit
650 2018 679 2061 et
694 2026 806 2062 manum
822 2014 882 2063 eius
903 2011 1016 2062 incidit.

204 2081 248 2132 itn
266 2079 432 2148 refugerunt
452 2079 488 2130 ud
507 2080 663 2131 Caesarem.
702 2081 864 2149 Eodemque
882 2087 1016 2149 ternpore

203 2149 324 2219 signifer
344 2151 379 2202 de
400 2149 510 2217 legione
532 2149 624 2216 prima
642 2149 797 2218 transfugit
816 2156 847 2203 et
860 2153 1017 2213 nunciavit,
1049 2173 1050 2245 ι

204 2237 259 2289 quo
272 2220 317 2273 die
328 2225 457 2289 equestre
468 2220 606 2286 proelium
617 2217 721 2270 factum
733 2226 816 2284 esset,
837 2235 853 2271 e
865 2234 917 2271 suo
930 2221 1018 2288 signo

204 2291 313 2358 perisse
332 2289 460 2342 homines
481 2288 596 2352 XXXV,
624 2303 714 2356 neque
736 2290 823 2343 licere
845 2291 947 2341 caetris
965 2293 1018 2343 Gn.

205 2359 331 2427 Pompeii
341 2359 482 2422 nunciati,
512 2373 603 2426 neque
616 2357 683 2421 dici,
713 2361 822 2426 perisse
833 2369 1019 2428 quemquam.
1048 2381 1049 2384 ¹

205 2429 322 2493 Servus,
350 2429 428 2480 cuius
445 2429 573 2479 dominus
592 2428 765 2480 inscietatis
781 2432 882 2482 castris
898 2431 1019 2492 fuisset,
1046 2393 1049 2476 i

204 2513 375 2567 uxoremque
387 2505 416 2550 et
426 2495 515 2548 tilium
526 2499 554 2548 in
567 2497 669 2564 oppido
681 2498 844 2567 reliquerat,
865 2500 1019 2551 dominum

213 2567 339 2634 uguluvit
349 2573 379 2617 et
388 2568 430 2616 ito
440 2567 510 2616 elem
522 2567 673 2617 accessuris
683 2568 831 2634 praesidiis
841 2570 869 2619 in
881 2569 1020 2637 Pompeii

205 2639 299 2684 cestro
316 2635 445 2686 discessit
458 2642 487 2686 et
503 2635 634 2684 indicium
651 2636 754 2701 glande
770 2639 907 2705 scriptum
923 2641 1017 2702 misit,

205 2713 254 2764 per
264 2702 338 2765 quod
349 2705 454 2753 certior
464 2704 545 2754 tieret
556 2703 667 2767 Caesar,
682 2707 792 2770 quaein
805 2708 907 2774 oppido
919 2708 957 2758 nd
969 2710 1019 2758 ds·-

162 2770 168 2784 ¹
204 2765 371 2818 tendendum
401 2765 645 2834 comprimentem
675 2772 721 2826 ltu
748 2775 852 2827 litteris
877 2783 1020 2845 acceptis,
