2168 3134
195 193 248 250 226
386 195 442 250 DE
460 197 602 251 BELLO
623 189 810 252 cahblco

196 307 256 364 tus,
276 302 301 352 si
313 316 394 369 quern
410 302 496 353 timor
512 317 652 354 armorum
666 303 794 354 Caesaris
806 302 945 364 laederet,
965 311 1009 366 et,

197 372 328 439 quoniam
344 371 468 439 l'ourpeii
483 372 638 424 dominatio
654 380 738 440 atque
756 388 834 423 arma
848 387 902 422 non
924 374 1010 423 mini-

197 457 272 492 mum
282 449 418 492 terrorem
430 441 492 494 iero
502 442 650 505 inferrent,
671 443 827 494 diseederet
838 449 954 507 uterque
966 445 1008 493 ab

196 511 281 562 armis
291 513 484 581 exercitusque
495 513 663 575 dimitteret,
681 512 741 564 iore
754 527 787 564 eo
798 511 872 562 facto
884 511 1005 562 liberam

196 587 225 632 et
236 582 281 631 sui
291 582 360 632 iuris
367 585 524 636 civitatem.
560 582 658 650 Neque
670 580 722 633 lroc
732 587 840 632 tantum
857 581 1006 647 pollicitus

196 656 252 713 est;
270 651 319 702 sed
340 653 424 703 ctiam
446 667 495 719 per
514 669 544 705 se
565 652 762 704 discessionem
782 651 875 702 lacere
896 653 1006 717 eoepit:

196 719 282 788 (quod
304 737 338 771 nc
358 723 447 784 lieret,
468 723 596 774 consules
617 723 752 788 amicique
772 721 896 787 Pompeii
915 723 1005 772 iusse-

195 793 282 852 runt,)
295 797 378 856 atque
389 795 428 842 ita
439 806 497 842 rem
509 793 678 844 moderando
691 792 887 843 discesserunt.

246 858 320 911 Llll.
333 861 466 927 Magnum
478 860 531 912 hoc
542 863 732 912 testimonium
745 866 858 911 senatus
870 867 932 910 erat
942 861 1006 909 uni-

195 930 268 980 versi
280 933 501 997 conveniensque
512 932 650 996 superiori
662 930 747 981 facto.
766 930 835 980 Nam
848 929 1004 980 Marcellus

196 1001 322 1062 proximo
344 1015 430 1062 anno,
452 1015 535 1066 quum
551 1004 729 1066 impugnaret
743 1000 869 1050 Caesaris
884 1000 1007 1068 dignitas

195 1073 267 1128 tem,
288 1073 386 1119 contra
402 1069 492 1135 legem
504 1070 628 1135 Pompeii
640 1075 668 1120 et
680 1071 771 1119 Crassi
787 1071 923 1122 retulerat
933 1077 1005 1122 ante

196 1143 305 1203 tempus
323 1136 357 1187 ad
374 1148 502 1190 senatum
520 1139 554 1190 de
566 1139 691 1190 Caesaris
708 1140 870 1204 provinciis,
891 1147 1006 1191 senten-

194 1207 297 1274 tiisque
314 1207 405 1271 dietis,
426 1209 621 1260 discessionem
642 1208 762 1259 iaciente
779 1208 930 1271 Marcello,
953 1211 1004 1276 qui

196 1277 248 1326 sibi
265 1292 374 1329 omnem
397 1279 560 1345 dignitatem
575 1292 611 1330 ex
627 1280 753 1330 Caesaris
768 1278 872 1329 invidia
888 1294 1017 1345 quaere,

195 1346 254 1410 bat,
265 1355 379 1398 serratus
390 1347 522 1416 frequens
533 1352 562 1400 in
573 1348 628 1399 alia
641 1349 734 1400 omnia
744 1349 865 1399 transiit.
893 1349 1003 1411 Quibus

196 1433 252 1467 nen
274 1416 475 1486 frangebantur
490 1421 576 1469 animi
597 1420 771 1469 inimicorum
790 1419 930 1480 Caesaris,
950 1417 1004 1468 sed

196 1485 427 1550 admonebantur,
439 1503 493 1556 quo
504 1490 623 1540 maiores
635 1493 765 1554 pararent
776 1487 1004 1550 necessitudines,

197 1557 296 1623 quibus
316 1559 378 1624 cogi
400 1565 494 1623 posset
515 1564 629 1610 senatus
649 1557 676 1608 id
699 1557 833 1624 probare,
855 1557 928 1624 quod
948 1559 1002 1623 ipsi
1074 1591 1075 1608 2

196 1627 418 1677 constituissent.

249 1693 319 1744 hlV.
338 1695 384 1746 Fit
396 1697 495 1747 deinde
506 1695 793 1759 senatusconsultum,
810 1702 840 1747 ut
850 1694 885 1747 ad
897 1694 1002 1747 bellum
1074 1691 1075 1698 ’

197 1763 355 1814 Parthicum
368 1764 440 1830 legio
454 1781 509 1815 una
519 1781 536 1816 a
547 1767 594 1815 Cn.
609 1765 749 1830 Pompeio,
765 1765 855 1816 altera
865 1782 882 1817 a
894 1766 922 1816 C.
934 1765 1001 1816 Cae-

199 1847 262 1883 sare
278 1833 468 1884 mitterentur:
489 1849 577 1900 neque
595 1835 710 1886 obscure
726 1833 778 1886 hae
790 1835 861 1886 duae
876 1834 1004 1902 legiones

196 1903 246 1951 uni
257 1902 369 1951 Caesari
381 1901 574 1953 detrahentur.
610 1903 680 1954 Nam
693 1905 741 1954 Cn.
753 1904 900 1971 Pompeius
916 1904 1002 1972 legio·

197 1986 261 2020 nem
275 1971 400 2036 primam,
411 1987 492 2038 quam
504 1964 539 2022 ad
552 1973 697 2024 Caesarem
709 1977 833 2038 miserat,
845 1974 1002 2026 confectam

198 2055 232 2090 ex
244 2039 346 2090 dilectu
359 2043 517 2106 pror-inciae
529 2044 665 2106 Caesaris,
678 2059 737 2094 eam
751 2051 891 2111 tamquam
904 2060 938 2095 ex
949 2059 1002 2094 suo

198 2125 314 2160 numero
332 2109 417 2160 dedit.
454 2113 555 2162 Caesar
576 2119 684 2176 tamen,
706 2129 791 2180 quum
807 2115 841 2165 de
854 2114 1002 2164 voluntate

197 2179 419 2231 adversariorum
436 2195 547 2232 suorum
561 2198 590 2233 se
603 2182 751 2249 exspoliari
768 2184 869 2234 nemini
886 2183 1001 2235 dubium

198 2254 282 2312 esset,
300 2250 349 2300 Cn.
364 2250 493 2315 Pompeio
505 2250 644 2317 legionem
657 2254 771 2315 remisit,
784 2259 813 2303 et
823 2269 874 2303 suo
888 2255 1001 2304 nomine

197 2318 264 2382 XV,
286 2335 367 2386 quam
381 2321 409 2369 in
422 2321 516 2372 Gallia
528 2324 656 2374 citeriore
669 2321 813 2385 habuerat,
830 2337 865 2374 ex
877 2329 1003 2374 senatus·

170 2424 177 2434 .
198 2389 327 2442 consulto
337 2391 416 2442 iubet
428 2391 543 2442 transdl.
568 2392 597 2442 ln
610 2394 669 2444 eius
682 2392 772 2443 locum
783 2393 848 2444 Xlll
859 2393 1002 2460 legionem

196 2458 227 2508 in
238 2459 349 2510 ltallam
361 2462 456 2524 mittit,
478 2476 550 2527 quae
562 2461 700 2527 praesidia
711 2467 832 2524 tueatur,
854 2477 888 2514 ex
900 2463 1001 2530 quibus

198 2541 205 2582 r
234 2528 343 2579 aesidiis
355 2529 407 2582 XV
419 2530 617 2583 deducebatur.
639 2533 701 2598 lpse
714 2533 847 2587 exercitui
861 2532 1002 2582 distribuit

200 2604 203 2626 ²
228 2611 328 2647 cernat
353 2599 381 2648 C.
397 2599 566 2652 Trebonium
584 2617 644 2652 eum
658 2600 813 2667 legionibus
836 2607 955 2668 quatuor
971 2601 1001 2650 in

196 2665 297 2732 rtelgio
314 2667 447 2729 collocat3
469 2671 497 2721 C.
510 2670 625 2720 Fabium
643 2685 704 2720 curn
721 2670 836 2720 totidem
849 2673 876 2721 in
889 2667 1000 2721 Aeduos

197 2730 316 2788 deducit.
338 2734 384 2787 Sic
395 2739 468 2790 enim
481 2739 666 2802 existimabat,
683 2741 849 2793 tutissimam
861 2740 922 2794 iore
934 2739 1001 2794 Gul-
