2152 3132
326 203 478 258 ursssn
514 207 584 260 vu.
812 185 861 256 'rot

51 318 106 364 tatu
128 312 320 368 Rornanorum
340 311 402 360 riae
421 315 709 378 praeoccuparentur,
738 305 861 362 consilio

50 383 231 435 destiterunt.

98 485 219 538 XXVll.
238 484 354 537 Postero
370 485 415 536 die
427 486 545 548 Caesar,
565 490 692 552 promota
702 485 775 536 turri
785 483 861 535 dire·

50 558 157 624 etisque
169 557 308 622 operibus,
324 569 395 622 quae
407 554 499 608 facere
509 557 683 616 instituerat,
700 569 802 622 magno
815 567 859 604 co·

50 634 109 678 orto
127 627 225 688 imbri,
244 641 300 677 non
315 625 442 676 inutilem
459 624 530 676 hanc
546 625 581 676 ad
596 625 759 692 capiendum
772 624 860 674 consi-

49 698 117 747 lium
130 699 325 762 tempestatem
337 696 502 757 arbitratus,
523 695 598 762 quod
615 695 710 761 paullo
722 693 860 744 incautius

49 766 192 818 custodias
206 766 235 815 in
252 780 331 815 muro
352 765 500 831 dispositas
519 765 640 828 videbat,
661 778 727 816 suos
748 776 860 830 quoque

49 835 211 904 languidius
222 837 250 885 in
261 849 344 901 opere
355 837 458 886 uersari
471 836 551 885 iussit
563 841 599 897 et,
615 834 681 901 quid
695 835 757 884 lieri
768 833 860 894 vellet,

49 905 183 958 ostendit.
211 903 350 971 Legiones
361 906 436 955 intra
446 906 541 956 vineas
552 907 582 955 in
593 905 704 956 occulto
715 902 860 969 expeditas

49 975 224 1037 cohortatur,
244 981 277 1025 ut
296 975 447 1041 aliquando
467 989 519 1041 pro
538 977 626 1025 tantis
644 973 786 1026 laboribus
801 969 860 1022 iru-

50 1052 127 1097 ctum
141 1045 276 1095 victoriae
296 1045 483 1110 perciperent:
503 1043 555 1107 his,
576 1046 623 1112 qui
644 1045 728 1111 primi
747 1057 859 1092 murum

49 1114 273 1176 adscendissent,
294 1115 418 1179 praemia
437 1116 592 1180 proposuit,
612 1113 803 1180 militibusque
824 1111 859 1161 si-

48 1200 137 1251 gnum
149 1183 234 1234 dedit.
270 1183 317 1234 llli
331 1183 424 1234 subito
436 1198 471 1235 ex
484 1185 610 1234 omnibus
625 1183 753 1250 partibus
766 1181 860 1234 erola·

46 1258 155 1305 rerunt
166 1267 330 1322 murumque
340 1253 471 1304 celeriter
481 1254 701 1319 compleverunt.

103 1355 231 1409 XXVlll.
250 1355 368 1420 Hostes,
388 1373 507 1410 renova
522 1358 674 1425 perterriti,
685 1371 765 1409 muro
775 1355 860 1406 turri-

47 1428 158 1494 busque
170 1426 284 1489 deiecti,
305 1428 333 1477 in
345 1427 407 1479 soro
420 1443 451 1478 ac
461 1428 531 1478 locis
544 1427 749 1494 patentioribus
760 1439 859 1476 cunea-

49 1499 103 1547 tim
114 1498 312 1559 constiterunt,
331 1496 384 1548 boc
395 1501 496 1559 animo,
515 1503 554 1560 ut,
574 1498 597 1548 si
609 1511 665 1564 qua
676 1500 801 1561 exparte
812 1495 860 1544 ob-

49 1569 126 1615 viam
138 1569 402 1631 contraveniretur,
423 1567 481 1618 acie
500 1569 637 1618 instructa
656 1566 859 1633 depugnarent.

49 1637 104 1686 Ubi
116 1636 256 1688 neminem
267 1637 295 1686 in
307 1651 425 1703 aequum
442 1636 533 1688 locum
549 1653 610 1688 sese
626 1637 790 1696 demittere,
810 1633 861 1685 sed

50 1712 115 1756 toto
126 1703 249 1772 undique
260 1721 339 1757 muro
351 1707 535 1758 circumfundi
546 1707 692 1769 viderunt,
712 1707 804 1766 veriti,
825 1721 860 1757 ne

51 1777 168 1826 omnino
180 1791 243 1842 spes
252 1773 337 1842 fugae
348 1777 508 1840 tolleretur,
519 1778 634 1829 abiectis
645 1775 859 1838 armis,ultimas

51 1845 147 1912 oppidi
158 1850 253 1910 partes
265 1847 419 1896 continenti
430 1848 532 1913 impetu
545 1849 718 1913 petiverunt:
739 1861 859 1914 parsque

50 1915 101 1976 ibi,
114 1929 198 1982 quum
210 1921 330 1984 angusto
343 1923 486 1982 portarum
498 1918 574 1968 exitu
586 1918 678 1985 seipsi
690 1923 858 1984 premerent,

51 1983 231 2046 amilitibus3
249 1999 330 2054 pars,
350 1987 404 2036 iarn
422 2001 537 2054 egressa
547 1989 649 2055 portis,
671 1988 705 2039 nb
717 1986 857 2053 equitibus

51 2052 269 2105 estinterleetm
288 2071 340 2107 nec
353 2053 407 2107 fuit
423 2058 581 2125 quisquam,
603 2059 649 2126 qui
665 2059 785 2123 praedae
802 2063 856 2106 stu-

51 2121 142 2174 deret.
179 2121 225 2176 Sic
236 2130 265 2176 et
276 2125 434 2177 Cenabensi
446 2127 545 2190 caede,
568 2133 596 2178 et
607 2127 703 2178 labore
715 2126 808 2192 operis
819 2128 858 2174 in·

51 2193 142 2254 citati,
161 2207 216 2243 non
227 2200 321 2247 aetate
332 2195 475 2259 confectis,
490 2212 545 2248 non
556 2197 732 2258 mulieribus,
752 2210 807 2245 non
819 2197 858 2244 in·

47 2261 176 2314 fantibus
186 2271 379 2330 pepercerunt.
413 2266 543 2334 Denique
555 2281 589 2318 ex
601 2269 675 2317 omni
687 2280 721 2316 eo
732 2279 857 2326 numero,

49 2333 97 2399 qui
114 2331 170 2382 fuit
185 2335 297 2386 circiter
306 2334 357 2386 XL
371 2336 491 2398 milium,
511 2337 558 2387 rix
577 2336 683 2396 DCCC,
703 2335 750 2401 qui
766 2335 857 2400 primo

49 2401 175 2453 clamore
187 2403 283 2456 audito
295 2421 325 2457 se
337 2421 371 2455 ex
383 2406 484 2472 oppido
496 2407 645 2466 eiecerant,
657 2405 810 2455 incolumes
821 2400 858 2453 ad

48 2471 312 2541 Vercingetorigem
327 2482 524 2541 pervenerunt.
545 2475 621 2534 Quos
633 2473 689 2536 ille,
704 2472 792 2525 multa
803 2473 858 2522 iam

50 2547 146 2604 noete,
165 2541 277 2594 silentio
294 2559 329 2595 ex
344 2543 412 2610 fuga
422 2546 545 2610 excepit,
566 2544 697 2608 (veritus,
717 2559 751 2594 ne
763 2555 817 2609 qua
828 2541 858 2591 in

49 2613 149 2662 castris
166 2627 200 2664 ex
216 2628 313 2665 eorum
328 2629 464 2666 concursu
481 2612 800 2680 etmisericordiavulgi
816 2625 858 2662 se·

49 2681 121 2733 ditio
133 2683 278 2746 oriretur,)
297 2689 342 2746 ut,
360 2686 458 2750 procul
469 2688 496 2735 in
506 2687 553 2736 via
562 2684 704 2752 dispositis
715 2683 858 2735 familiari-

27 2751 101 2803 ,bns
116 2753 175 2802 suis
190 2753 416 2820 principibusque
433 2755 591 2819 civitatum,
612 2754 791 2821 disparandos
810 2754 855 2806 de·

82 2823 238 2876 iunctus.
