2152 3144
342 229 493 290 arnna
526 235 585 290 ιιι.
646 225 663 244 ”
790 217 880 290 aas*

69 337 166 408 uuus,
176 339 283 410 magnis
294 341 426 408 operibus
435 341 630 409 praemunivit,
643 327 814 410 castellaque
824 337 870 392 his

67 413 136 465 locis
155 413 257 479 posuit.
293 411 449 478 Pompeius,
470 413 517 464 ubi
536 409 606 462 nihil
625 402 724 478 pruliei
745 413 870 480 equitatu

4 527 11 544 ,
67 484 206 551 cognovit,
217 483 314 550 paucis
325 483 492 534 intermissis
502 481 608 545 diebus,
630 497 739 532 rursum
751 497 813 534 eum
825 495 882 532 na··

67 553 147 604 ribus
162 551 197 603 ad
209 567 239 604 se
254 553 329 604 intra
347 552 515 604 munitiones
536 552 646 619 recipit.
681 553 750 606 Erat
765 562 882 604 summa

67 622 163 688 inopia
178 621 286 689 pabuli,
307 622 377 675 adeo
393 627 425 672 ut
435 621 510 673 foliis
522 636 557 674 ex
568 621 715 674 arboribus
726 622 832 674 strictis
843 628 873 674 et

5 691 6 696 ’
67 695 174 744 teneris
186 690 352 744 arundinum
363 691 502 743 radicibus
513 693 636 744 contusis
647 705 733 760 equos
749 692 873 743 alerent:

67 761 211 812 frumenta
221 761 308 824 enim,
329 776 400 830 quae
412 760 525 813 merant
536 763 611 813 intra
621 763 791 813 munitiones
802 759 885 822 sata,·'

4 859 6 916 ss
69 837 280 882 ‹mnsumserant
290 835 320 883 et
331 831 512 900 cogebantur,
524 833 648 899 Corcyra
659 837 743 899 atque
753 831 884 882 Acarna--

4 1033 5 1038 ἵ
69 975 251 1037 supportare:
270 985 378 1041 quoque
389 977 452 1024 erat
463 973 522 1023 eius
536 974 577 1024 rei
589 974 681 1024 minor
697 973 789 1039 copia,
810 969 873 1024 hor·
976 1003 978 1007 ,
997 995 1002 1008 ι

70 1039 125 1093 deo
146 1039 286 1108 adaugere
307 1047 391 1109 atque
411 1039 454 1092 his
473 1043 629 1095 rationibus
641 1044 794 1109 equitatum
805 1041 875 1094 tolc-
952 1099 953 1102 Ἰ

68 893 126 963 nia,
148 899 232 970 longo
248 901 397 954 interiecto
418 902 602 969 navigationis
623 903 722 968 spatio,
741 901 873 968 pabulum

70 1125 145 1164 rare.
171 1109 245 1173 ·Sed,
264 1117 412 1179 postquam
423 1128 478 1164 non
489 1112 571 1165 modo
583 1111 717 1167 hordeum
730 1112 874 1180 pabulum·

70 1197 125 1250 que
146 1181 273 1232 omnibus
295 1181 364 1232 loeis
384 1179 541 1252 herbaeque
560 1183 698 1246 desectae,
719 1183 767 1236 sed
790 1184 874 1232 ctianr

71 1251 179 1304 fruetus
191 1265 226 1302 ex
237 1251 383 1303 arboribus
393 1250 570 1315 deficiebant,
582 1251 722 1320 ¹corruptis
733 1253 810 1319 equis
819 1268 876 1302 ma·
954 1299 957 1306 .

70 1322 123 1384 cie,
144 1320 300 1372 conandum
314 1321 367 1374 sibi
389 1321 493 1392 aliquid
510 1322 658 1391 Pompeius
672 1321 707 1375 de
727 1323 875 1390 eruptione

70 1391 247 1444 existimarit.

133 1459 206 1512 LlX.
235 1460 324 1512 Erant
334 1460 407 1528 apud
419 1462 566 1514 Caesarem
578 1477 613 1514 ex
624 1463 745 1530 equitum
759 1475 883 1512 numero·
934 1498 936 1501 .

4 1569 5 1576 ,
69 1529 234 1598 Allobroges
246 1530 301 1581 duo
312 1528 425 1594 fratres,
440 1531 577 1584 lloscillus
589 1537 618 1583 et
628 1533 727 1600 Aegos,
737 1530 875 1582 Adbucilli

70 1597 132 1664 lilii,
149 1602 196 1669 qui
206 1601 392 1668 principatum
402 1601 431 1651 in
443 1603 557 1654 civitate
568 1601 665 1652 multis
677 1601 756 1652 annis
768 1601 877 1652 obtinu-

71 1675 145 1733 erat,
164 1670 300 1738 singulari
311 1671 413 1723 rirtute
424 1668 569 1735 homines,
584 1686 701 1740 quorum
714 1685 799 1738 opera
809 1671 876 1722 Gae-

4 1769 5 1794 ι
48 1781 49 1784 ,
70 1739 378 1792 saromnibusGallicis
389 1740 470 1793 bellis
481 1743 585 1808 optima
595 1741 802 1810 fortissimaque
815 1745 876 1794 erat

4 1839 5 1878 ι
70 1825 147 1862 usus.
182 1810 233 1861 llis
244 1809 320 1862 domi
332 1810 367 1862 ob
382 1808 432 1866 has
453 1827 564 1863 caussas
583 1811 778 1880 'amplissimos'
791 1813 883 1879 pragi-¹

70 1879 366 1933 stratus'mandaverat
377 1887 459 1948 atque
470 1896 518 1935 eos
529 1887 609 1934 extra
620 1881 745 1934 ordinem
757 1883 786 1933 in
797 1895 867 1933 sena

70 1958 129 2003 tum
141 1948 274 2017 legendos
285 1957 447 2016 curaverat,
479 1967 616 2021 agrosque
628 1955 655 2003 in
668 1952 761 2004 Gallia
776 1966 812 2003 ex
828 1950 875 2015 ho-

71 2020 162 2071 stibus
173 2025 269 2088 captos
280 2023 459 2090 praemiaque
469 2025 511 2076 rei
524 2022 702 2089 pecuniariae
713 2036 817 2090 magna
826 2023 875 2072 tri-

69 2089 172 2140 buerat
186 2089 396 2159 locupletesque
409 2107 441 2143 ex
454 2093 601 2160 egentibus
612 2091 728 2144 iecerat.
763 2091 801 2142 lii
814 2103 875 2156 pro-

71 2164 136 2225 pter
153 2159 286 2210 virtutem
301 2172 359 2213 non·
377 2161 467 2212 solum
487 2161 560 2229 apud
571 2163 718 2213 Caesarem
729 2160 756 2210 in
769 2158 876 2211 honore

72 2232 162 2289 erant,
183 2227 330 2280 sedetiam
347 2229 419 2296 apud
435 2231 590 2283 exereitum
608 2233 666 2281 ceri
687 2229 875 2282 habebantur:

4 2297 6 2306 ’
70 2296 120 2358 sed
130 2295 198 2348 freti
205 2299 328 2350 amicitia
338 2301 475 2364 Caesaris,
487 2306 516 2352 et
525 2293 613 2352 stulta
624 2315 657 2352 ac
666 2301 786 2352 barbara
796 2297 876 2349 adro-¹

71 2367 169 2436 gantia
185 2366 267 2430 elati,
288 2367 479 2436 despiciebant
489 2383 555 2420 suos
565 2369 790 2438 stipendiumque
801 2371 876 2435 equi-

14 2434 18 2441 “
69 2443 129 2490 tum
141 2435 309 2490 fraudabant
319 2445 348 2491 et
367 2438 498 2505 praedam
514 2454 625 2492 omnem
640 2439 752 2491 domum
768 2443 875 2491 averte·

4 2509 5 2520 ³
69 2509 146 2562 bant.
182 2508 289 2571 Quibus
305 2508 345 2559 illi
361 2509 444 2560 rebus
456 2511 576 2577 permoti
590 2509 713 2574 universi
725 2511 872 2562 Caesarem

4 2641 8 2881 l

4 2941 8 3119 l

68 2579 200 2632 adierunt
211 2578 359 2648 palamque
370 2577 405 2631 de
416 2594 513 2632 eorum
523 2580 633 2633 iniuriis
643 2584 708 2631 sunt
723 2579 826 2650 questi3
844 2586 874 2630 et

67 2649 105 2703 ad
114 2653 210 2702 cetera
229 2647 407 2714 addiderunt,
429 2649 532 2702 falsum
542 2651 577 2702 ab
588 2649 631 2703 bis
642 2652 766 2719 equitum
777 2663 870 2702 nume-

67 2723 130 2773 rum
141 2717 258 2783 deferri,
273 2733 390 2790 quorum
402 2721 749 2790 stipendiumar'erterent.

110 2789 178 2844 Lx.
191 2791 301 2846 deeras
312 2788 530 2864 sequeitenpus
540 2791 868 2915 illudvarqimadrersionlr
