2134 3148
347 161 606 214 armestun.
826 162 880 214 aab

24 257 26 338 Ι
81 263 151 334 rigia
165 263 369 330 deprimuntur;
388 265 480 332 ibique
491 263 583 332 Scipio
596 280 658 318 cum
670 265 768 335 quibus
784 265 879 332 paullo

79 342 142 386 ante
153 333 302 397 nominavi,
317 335 412 386 iteriit

130 403 237 456 XCVll.
257 404 359 454 Cacsar
369 403 491 467 interim,
500 404 603 456 Zamae
614 404 742 456 auctione
753 403 832 471 regia
841 403 881 454 ia·

80 480 133 536 cta,
143 475 279 540 bonisque
291 488 386 524 eorum
398 474 529 536 venditis,
540 474 586 541 qui
601 476 674 525 cives
687 473 806 525 Romani
816 466 880 522 coir-

79 551 123 596 tra
134 543 263 610 populum
274 541 428 596 Romanum
449 559 528 596 arma
542 544 676 606 tulerant,
697 545 882 610 praemiisque

79 612 270 674 Zamensibus,
282 614 327 680 qui
339 612 372 664 de
383 628 450 681 rege
461 613 633 666 excludendo
644 613 789 664 consilium
803 627 882 679 cepe·

79 689 150 746 rant,
161 683 274 734 tributis
284 683 522 751 vectigalibusque
532 684 618 750 regiis
630 683 784 750 abrogatis,
794 697 828 734 ex
839 697 882 734 re·

79 767 187 822 guoque
205 753 348 820 provincia
368 752 453 816 lacta,
473 758 558 821 atque
576 753 615 804 ibi
634 753 730 818 Crispo
746 750 882 804 Sallustio

79 823 242 891 proconsule
253 838 313 875 cunr
325 824 441 888 imperio
451 823 567 886 relicto,
582 823 643 890 ipse
654 822 740 874 Zama
752 836 883 890 egressus

79 894 184 945 Uticam
196 907 227 944 se
238 893 352 959 recepit.
381 892 423 943 lbi
433 893 513 944 bonis
524 892 644 945 venditis
656 908 761 955 corum,
773 893 818 959 qui
829 891 883 944 sub

78 963 147 1016 luba
157 961 323 1030 Petreioque
334 961 443 1014 ordines
455 963 601 1027 duxerant,
621 963 690 1014 item
701 961 883 1028 Thapsitanis

80 1031 126 1084 llS
137 1033 264 1094 vicesies,
276 1033 425 1084 conventui
435 1047 531 1083 eorum
541 1032 589 1085 HS
600 1034 738 1096 tricesies,
749 1032 883 1084 Adrume-

79 1103 145 1153 tinis
156 1100 203 1152 Hs
213 1103 350 1165 tricesies,
365 1103 514 1154 conventui
526 1118 622 1155 eorum
634 1101 681 1154 HS
692 1102 884 1171 quinquagies,

79 1172 183 1223 multae
194 1173 305 1223 nomine
316 1172 444 1237 imponit:
461 1173 588 1225 civitates
598 1175 728 1240 bonaque
739 1186 835 1224 eorum
847 1172 884 1223 ab

80 1241 154 1294 omni
164 1242 267 1292 iniuria
277 1242 437 1309 rapinisque
449 1241 583 1294 defendit.
619 1242 796 1309 Leptitanos,
817 1255 885 1308 quo·

79 1327 141 1364 rum
160 1312 349 1377 superioribus
360 1311 440 1362 annis
453 1312 526 1365 bona
539 1313 790 1378 lubadiripuerat,
809 1309 885 1362 etad

79 1385 207 1434 senatum
225 1382 316 1448 questi
336 1395 387 1448 per
401 1381 520 1448 legatos,
540 1388 622 1449 atque
633 1382 885 1433 arbitrisasenotu

79 1452 151 1502 datis
163 1465 214 1502 sua
228 1456 406 1516 receperant,
426 1451 520 1503 tricies
532 1455 654 1503 centenis
663 1450 778 1509 ,milibus
790 1449 884 1516 pondo

79 1521 135 1573 olei
145 1521 171 1570 in
184 1535 273 1571 aranos
283 1519 409 1586 singulos
419 1520 530 1583 multat,
551 1521 615 1572 ideo
630 1520 702 1589 quod
717 1520 813 1584 initio,
834 1534 885 1586 per

78 1591 280 1642 dissensionem
296 1591 464 1658 principum,
484 1592 647 1642 societatem
659 1605 722 1641 cunr
734 1590 803 1641 luba
816 1591 885 1641 inic·

77 1672 143 1712 rant
153 1674 269 1726 eumque
281 1661 373 1722 armis,
388 1659 530 1724 militibus,
541 1662 660 1728 pecunia
670 1661 805 1712 iuverant
824 1659 886 1710 'l'is-

77 1731 215 1793 dritanos,
230 1734 348 1796 propter
358 1728 544 1784 humilitatem
555 1729 683 1794 civitatis,
703 1735 780 1783 certo
790 1745 885 1784 nume·

75 1814 108 1854 ro
119 1799 251 1852 frumenti
266 1799 374 1850 multat.

121 1869 243 1922 xcvlll.
263 1869 316 1920 His
327 1870 409 1921 rebus
420 1870 518 1938 gestis,
528 1870 624 1922 ldibus
634 1869 694 1922 lun.
705 1869 803 1936 Uticae
814 1868 884 1921 clas·

75 1955 133 1993 sem
145 1939 307 1992 conscendit
322 1945 351 1992 et
366 1946 429 2007 post
439 1940 512 1994 diem
524 1941 638 1993 tertium
651 1940 766 1990 Carales
780 1941 808 1991 in
819 1937 883 1992 Sar·

76 2011 179 2062 diniam
191 2011 325 2076 pervenit.
340 2010 382 2061 lbi
393 2008 561 2076 Sulcitanos,
573 2010 647 2078 quod
658 2009 801 2061 Nasidium
813 2011 884 2061 eius·

76 2096 131 2147 que
147 2079 264 2130 classem
275 2087 448 2146 receperant,
460 2083 600 2149 copiisque
612 2081 749 2143 iuverant,
761 2078 808 2131 Hs
820 2094 883 2130 cen-

75 2149 255 2211 tiesmultat;
268 2155 297 2199 ct
316 2164 366 2215 pro
387 2150 507 2202 decumis
527 2156 641 2201 octavas
656 2147 777 2217 pendere
796 2149 882 2211 iubet,

74 2220 201 2288 bonaque
211 2232 364 2285 paucorum
376 2217 469 2270 vendit
475 2224 573 2270 etante
581 2218 653 2269 diem
664 2218 709 2269 lll.
716 2217 779 2270 Kal.
786 2218 881 2280 Quint.

75 2303 161 2341 naves
181 2288 356 2350 conscendit,
375 2293 404 2340 et
418 2288 588 2340 aCaralibus
606 2287 758 2339 secundum
773 2294 878 2340 terram

74 2364 230 2426 provectus,
252 2356 484 2410 duodetricesimo
497 2357 556 2422 die,
576 2371 610 2410 eo
623 2357 696 2424 quod
707 2357 878 2424 tempestati·

73 2426 126 2482 bus
138 2429 167 2482 in
176 2427 312 2498 portubus
320 2425 510 2494 cohibebatur,
522 2427 558 2482 ad
567 2428 663 2482 urbem
669 2426 786 2480 Romam
795 2430 879 2480 venit.
