2150 3124
396 186 557 242 'LIBER
583 191 614 244 i.
881 187 916 244 27

104 293 141 349 de
156 308 189 347 se
204 293 340 360 optimum
353 292 483 345 iudicium
499 293 625 358 iecisset,
645 309 730 362 seque
740 308 801 347 esse
811 293 847 346 ad
857 293 916 346 bel·

103 364 166 416 lum
187 363 340 432 gerendum
359 365 564 430 paratissimam
584 366 765 416 confirmavit.
806 365 915 417 Deinde

86 445 88 447 ’
103 435 235 502 reliquae
251 433 375 501 legiones
389 449 439 502 per
453 435 580 485 tribunos
595 435 713 484 militum
724 439 753 485 et
762 435 914 500 primorum

105 503 238 555 ordinum
254 505 575 570 centurionesegerunt,
595 505 636 554 uti
648 505 760 555 Caesari
775 503 916 555 satisface-

106 579 184 625 rent:
213 587 242 623 ee
255 587 346 640 neque
361 587 491 639 umquam
507 574 660 635 dubitasse,
680 588 769 640 neque
781 574 916 637 timuisse,

105 657 198 710 neque
211 641 247 694 de
262 642 445 694 summabelli
456 658 536 694 suum
545 643 690 705 iudicium,
709 642 758 694 sed
768 643 916 710 imperato-

106 713 147 763 ris
158 725 232 774 esse,
244 713 451 763 existimatisne.
486 713 591 780 ldqrum
601 711 791 768 satisfactione
802 719 916 778 accepta

107 788 139 834 et
153 781 253 832 itinere
267 782 406 848 exquisito
421 796 471 847 per
486 782 663 844 Diuitiacum,
683 783 757 849 qood
774 795 807 832 ex
818 782 879 831 aliis
889 784 917 834 ei

106 853 258 901 maximam
268 851 351 902 iidem
362 848 489 922 habebat,
499 856 531 901 ut
540 852 645 902 milium
656 851 774 918 amplius
785 852 917 919 quinqua-

108 922 187 989 ginta
207 922 323 971 circuitu
342 921 411 971 locis
432 921 535 987 apertis
555 923 705 973 exereitum
728 921 855 984 duceret,
880 921 915 972 de

108 994 210 1058 quarta
227 989 333 1056 vigilia,
355 996 386 1040 ut
405 990 525 1052 dixerat,
543 990 684 1057 profectus
704 996 754 1042 est.
791 989 915 1058 Septimo

109 1060 167 1122 die,
187 1074 271 1127 quum
285 1061 340 1111 iter
354 1075 409 1110 non
420 1061 628 1123 intermitteret,
648 1062 682 1112 ab
693 1061 915 1128 exploratoribus

108 1129 214 1182 certior
230 1127 319 1180 faetus
334 1135 389 1192 est,
409 1131 537 1180 Ariovisti
553 1133 645 1196 copias
658 1145 676 1182 a
690 1133 793 1181 nostris
803 1131 915 1182 milibus

107 1213 240 1265 passuum
252 1203 373 1266 quatuor
381 1205 411 1251 et
420 1201 516 1266 viginti
527 1201 630 1252 abesse.

161 1267 247 1320 XLll.
285 1269 403 1336 Cognito
413 1269 541 1320 Caesaris
560 1270 692 1333 adventu,
707 1270 859 1322 sicinnistas
877 1269 915 1320 le·

109 1342 192 1406 gatos
208 1338 243 1388 ad
257 1351 320 1389 eum
332 1340 429 1404 mittit:
449 1338 523 1406 quod
533 1346 615 1391 antea
626 1340 660 1392 de
671 1339 810 1407 colloquio
821 1343 917 1405 postu·

111 1408 220 1469 lasset,
229 1408 259 1459 id
269 1423 318 1474 per
328 1423 358 1460 se
369 1409 430 1460 lieri
443 1407 540 1471 licere,
560 1410 689 1477 quoniam
701 1411 814 1475 propius
826 1423 917 1459 acces-

110 1479 205 1528 sisset:
216 1491 299 1545 seque
310 1477 338 1528 id
350 1480 410 1530 sine
420 1477 542 1542 periculo
554 1477 647 1530 iacere
658 1493 738 1544 posse
749 1480 917 1529 existimare.

111 1547 174 1598 Non
190 1548 296 1613 respuit
306 1547 491 1598 conditionem
502 1549 616 1599 Caesar:
637 1549 746 1614 iamque
757 1561 818 1598 eum
830 1547 864 1597 od
875 1561 918 1596 sa-

110 1619 228 1667 nitatem
243 1621 346 1668 reverti
362 1618 563 1680 arbitrabatur,
585 1631 667 1685 quum
683 1617 725 1679 id,
745 1615 818 1684 quod
835 1621 919 1667 antea

110 1688 219 1754 petenti
234 1686 413 1754 denegasset,
432 1687 508 1738 ultro
519 1687 715 1754 polliceretur3
735 1699 918 1753 magnamque

110 1759 140 1807 in
157 1771 231 1822 spem
247 1755 389 1820 veniebat,
408 1771 459 1823 pro
474 1759 531 1807 suis
540 1757 628 1808 tantis
641 1756 791 1824 populique
802 1755 918 1806 Romani

110 1829 140 1877 in
157 1826 383 1888 eumbeneiiciis,
403 1828 521 1893 cognitis
532 1829 588 1877 suis
599 1825 760 1892 postulatis,
781 1825 856 1889 fore,
876 1827 919 1876 uti

110 1896 263 1963 pertinacia
278 1896 433 1948 desisteret.
470 1896 537 1946 Dies
554 1895 691 1963 colloquio
707 1897 797 1948 dictus
808 1902 863 1958 est,
884 1909 919 1946 ex
991 1939 993 1943 .

110 1980 146 2017 eo
166 1965 210 2017 die
226 1967 346 2032 qtiiatus.
382 1966 495 2018 interim
512 1981 594 2032 quum
610 1980 692 2032 saepe
706 1966 782 2018 ultro
794 1967 918 2032 citroque

43 2072 49 2079 .
110 2036 199 2102 legati
219 2036 292 2086 inter
311 2050 359 2086 eos
378 2038 570 2097 mitterentur,
589 2036 743 2086 Ariovistus
758 2035 918 2102 postularit,

110 2121 147 2156 ne
168 2120 250 2172 quem
265 2106 386 2171 peditem
403 2105 438 2156 ud
453 2105 621 2172 colloquium
638 2105 739 2156 Caesar
752 2105 918 2156 adduceret:

110 2174 204 2227 vereri
210 2189 290 2237 sane
302 2191 351 2242 per
361 2175 474 2226 insidias
484 2174 518 2226 ab
531 2189 564 2226 eo
576 2177 832 2227 circumveniretur:
845 2179 919 2226 uter-

110 2259 166 2312 que
185 2259 248 2296 errat
261 2246 388 2312 equitatu
404 2246 522 2296 veniret:
544 2245 601 2296 alia
614 2237 769 2296 ratione'se
785 2257 841 2293 non
857 2255 919 2293 esse

110 2319 267 2366 venturum,
304 2315 420 2377 Caesar,
432 2313 505 2383 quod
515 2330 604 2382 neque
615 2315 785 2381 colloquium
796 2313 919 2376 interpo-

110 2385 168 2434 sita
181 2399 279 2434 caussa
288 2383 351 2434 tolli
361 2384 484 2446 volebat,
505 2399 593 2452 neque
604 2385 722 2435 salutem
734 2397 812 2432 suam
824 2379 919 2431 Gallo-

110 2468 173 2504 rum
185 2455 320 2521 equitatui
332 2455 504 2504 committere
514 2453 645 2515 audebat,
664 2451 918 2504 commodissimum

111 2537 175 2575 esse
185 2525 292 2586 statuit,
304 2524 430 2574 omnibus
440 2524 518 2590 equis
530 2521 618 2573 Gallis
629 2520 766 2590 equitibus
778 2521 919 2582 detractis,

111 2608 147 2645 eo
157 2592 325 2662 legionarios
335 2592 436 2644 milites
446 2592 563 2658 legionis
574 2587 705 2653 decimae,
716 2591 760 2642 eui
771 2605 853 2658 quam
863 2603 918 2643 ma-

110 2664 186 2715 xime
197 2662 365 2724 confidebat,
376 2663 530 2730 imponere,
541 2668 572 2711 ut
582 2661 750 2726 praesidium
761 2675 840 2728 quam
853 2661 918 2708 nnti-

111 2734 267 2797 cissimum,
285 2733 309 2784 si
324 2731 390 2800 quid
404 2745 474 2798 opus
489 2729 563 2782 iacto
575 2734 659 2796 esset,
674 2727 797 2782 haberet.
835 2725 915 2789 Quod
