2152 3132
344 189 547 246 LlBEllV.
611 241 614 247 ,
656 201 660 208 ·
812 194 847 250 97

49 295 263 364 atqueabietem.
293 293 431 360 Leporem
443 299 472 345 et
481 294 613 363 gallinam
624 303 653 348 et
662 311 789 350 anserem
799 314 847 366 gu·

47 375 128 430 staro,
153 365 196 416 fas
211 380 266 416 non
285 370 397 430 putant3
418 363 486 416 baec
507 371 600 416 tamen
612 367 692 420 alunt
703 367 788 418 animi
799 385 845 418 vn.

46 435 210 503 luptatisque
226 449 331 486 caussa
367 434 444 484 Loca
454 442 519 485 sunt
530 438 741 501 temperatiora,
764 452 846 506 quam

45 509 67 558 in
80 507 190 567 Gallia,
211 503 417 555 remissioribus
427 502 587 570 frigoribus.

74 576 152 628 Xlll.
179 571 273 626 Insula
294 580 394 625 natura
409 574 559 641 triquetra,
582 575 660 626 ouius
673 589 759 626 unum
774 575 848 628 latus

42 654 81 700 est
92 651 195 698 contra
205 643 335 694 Galliam.
368 642 460 694 Huius
472 643 569 694 lateris
580 643 652 696 alter
663 645 788 712 angulus,
801 647 848 714 qui

42 725 80 769 est
91 717 127 768 ed
142 715 286 775 Cantium,
309 728 362 780 quo
375 712 435 764 fere
447 727 542 764 omnes
555 728 587 763 er
601 713 693 766 Gallia
705 729 787 768 nares
799 717 847 766 ad.

41 789 193 853 pelluntur,
210 784 245 833 ad
257 783 394 834 orientem
405 782 507 845 solem3
528 781 645 834 inierim·
656 785 690 834 ad
703 785 848 838 meridiem

40 861 159 924 spectat.
194 853 344 904 Hoelatus
360 857 438 904 tonet
453 851 564 902 circiter
583 853 661 906 milia
671 869 799 919 passuum
811 855 847 908 D.

39 929 166 979 Alterum
180 923 321 990 vergit-ad
337 922 502 987 Hispaniam
519 925 602 989 atque
622 925 792 989 occidentem
804 940 847 976 so·

39 997 106 1058 lem,
127 1008 184 1062 qua
200 1007 234 1044 ex
249 999 328 1058 parte
340 998 383 1043 est
393 991 543 1054 Hibernia,
564 993 679 1044 dimidio
690 995 794 1058 minor,
815 1001 848 1048 ut

36 1067 219 1124 aestimatur,
240 1075 322 1130 quam
334 1060 492 1124 Britannia3
515 1061 563 1115 sed
575 1064 635 1128 pari
656 1066 747 1130 spatio
759 1071 847 1116 trans

36 1138 165 1196 missus,
176 1137 258 1200 atque
271 1146 304 1183 ex
317 1130 420 1193 Gallia,
439 1136 481 1182 est
492 1131 520 1182 in
532 1131 717 1186 Britanniam.
749 1137 780 1187 ln
793 1134 846 1187 hee

34 1205 131 1257 medio
144 1217 226 1254 cursu
238 1206 281 1253 est
291 1200 393 1263 insula,
410 1215 479 1267 quae
491 1199 647 1267 adpellatur
657 1203 756 1266 Mona3
772 1219 846 1260 eom=

32 1277 134 1342 plures
146 1277 289 1339 praeterea
299 1271 421 1321 minores
432 1271 557 1321 obiectae.
568 1271 675 1324 insulae
687 1274 845 1326 existimans

31 1355 96 1396 tur:
116 1343 152 1394 de
164 1342 262 1409 quibus
274 1339 371 1391 insulis
382 1339 508 1392 nonnulli
519 1341 698 1406 seripserunt,
713 1340 773 1392 dies
784 1357 846 1392 eon·

30 1412 214 1467 tinuosXXX
225 1412 275 1461 snb
286 1410 385 1460 bruma
396 1424 457 1460 esse
468 1415 586 1460 noctem.
615 1409 674 1462 Nos
684 1409 754 1462 nibil
764 1411 798 1461 de
810 1424 844 1462 eo

31 1481 314 1552 percunctationibus
332 1477 553 1546 reperiebamus,
567 1479 622 1530 nisi
633 1479 717 1530 certis
729 1495 763 1530 ex
773 1494 846 1546 aque

32 1553 177 1606 mensuris
187 1550 332 1602 breviores
343 1561 413 1610 esse,
433 1562 515 1615 quam
526 1548 554 1600 in
567 1549 735 1610 continente,
751 1555 845 1602 noctes

32 1623 209 1678 videbamus.
244 1619 335 1670 Huius
352 1623 396 1670 est
410 1617 556 1685 longitudo
573 1617 684 1680 lateris,
706 1617 845 1670 utiertil-

32 1697 130 1746 lorum
147 1690 253 1756 opinio,
269 1688 340 1740 Dec
351 1687 467 1750 milium.
503 1688 631 1740 'l'ertium
643 1693 686 1738 est
696 1693 794 1739 eontra
804 1703 845 1739 se-

32 1761 240 1831 ptemtriones,
258 1758 305 1810 eui
318 1758 391 1823 parti
406 1757 482 1808 nulla
498 1764 541 1808 est
557 1758 667 1810 obieeta
685 1763 774 1821 terra3
796 1758 844 1810 sed

34 1836 98 1884 eius
115 1830 233 1898 angulus
245 1828 342 1880 leteris
354 1827 474 1878 maxinie
486 1827 520 1877 ad
533 1827 709 1878 Germaniam
721 1832 842 1895 spectat:

35 1903 102 1954 buia
113 1901 192 1951 milia
204 1913 333 1964 passuum
345 1897 438 1949 Dccc
448 1897 476 1946 in
489 1896 690 1964 longitudinem
702 1913 773 1963 esse,
788 1899 845 1950 oxi·

35 1973 175 2024 stimatur.
211 1969 255 2020 lta
265 1967 354 2018 omnis
364 1965 456 2018 insula
467 1967 547 2018 estin
560 1968 676 2020 circuitu
688 1968 772 2020 vicies
783 1983 845 2020 cen·
877 2014 879 2019 .

38 2051 96 2092 tum
109 2039 216 2091 milium
228 2052 366 2104 passuum.

73 2110 148 2161 XlV.
170 2109 213 2160 Ex
224 2107 267 2158 his
279 2104 406 2158 omnibus
416 2104 499 2172 longe
511 2113 575 2154 sunt
586 2104 786 2173 humanissimi,
796 2109 844 2174 qui

38 2180 169 2231 Cantium
189 2177 329 2238 incolunt,
350 2175 514 2242 quaeregio
531 2182 573 2226 est
589 2178 730 2228 niaritime
744 2178 844 2240 omnis,

39 2264 128 2316 neque
144 2247 262 2299 multum
278 2261 295 2296 a
311 2245 405 2296 Gallia
416 2242 548 2296 differunt
558 2245 766 2297 consuetudine.
801 2247 845 2297 ln·

38 2322 158 2370 teniores
171 2317 296 2384 plerique
312 2314 452 2367 frumenta
462 2329 516 2364 non
529 2320 638 2379 serunt,
659 2315 707 2366 sed
730 2315 803 2367 laete
814 2321 844 2366 ot

37 2404 122 2439 earne
137 2387 234 2438 vivunt
250 2385 421 2452 pellibusque
436 2390 501 2435 sunt
516 2385 618 2436 vestiti.
655 2385 759 2436 Omnes
774 2399 842 2436 vero

37 2475 68 2510 so
89 2457 219 2509 Britanni
240 2456 313 2506 nitro
329 2454 468 2515 inliciunt,
495 2455 568 2521 quod
585 2455 742 2504 caeruleum
757 2453 844 2506 efficit

36 2529 176 2589 colorem3
198 2540 281 2593 atquo
298 2524 350 2575 hoe
360 2521 516 2577 horridiore
529 2529 594 2574 sunit
604 2525 631 2573 in
644 2537 737 2591 pugna
747 2523 844 2590 adspe-

35 2607 94 2650 ctu:
117 2595 273 2663 capilloque
289 2598 354 2646 sunt
367 2593 504 2660 promisso
516 2599 599 2660 atque
611 2596 685 2644 omni
696 2600 774 2660 parte
785 2609 844 2647 cor-

35 2668 114 2736 poris
124 2679 203 2728 rasa,
231 2669 341 2731 praeter
352 2673 434 2728 eaput
445 2667 473 2713 et
485 2662 592 2715 labrum
604 2664 737 2729 superius.
772 2665 843 2716 [lxii-

36 2751 81 2790 res
91 2735 196 2792 liabent
211 2734 276 2787 deni
293 2732 468 2798 duodenique
485 2732 559 2784 inter
575 2749 604 2784 se
621 2748 794 2798 communes,
817 2738 845 2784 el

75 2811 134 2858 lm..
153 2805 235 2856 Cres.
612 2802 637 2852 G
