2134 3148
282 180 621 235 fllsrnnlensl.
807 181 861 236 483

21 255 23 344 l
63 298 232 336 serrosesse.
269 286 361 349 Quum
379 287 520 348 venirent,
542 286 646 353 cogniti
661 291 755 336 sunta
765 285 861 340 militis

62 355 118 415 bus,
135 355 180 422 qni
190 359 274 407 antea
285 371 345 407 cum
357 356 444 410 Fabio
456 363 485 408 et
494 355 582 407 Pedio
595 355 717 418 fuerant,
730 361 759 406 et
771 357 861 408 a'l're-

62 424 140 476 bonio
151 424 372 492 transfugerant.
409 427 457 476 Eis
467 425 502 476 ud
514 424 716 493 ignoscendum
728 424 807 476 nulla
818 431 861 478 est

62 494 125 545 data
138 492 258 544 facultas
274 502 303 547 et
317 512 333 547 a
348 496 484 547 militibus
502 497 607 546 nostris
626 493 766 546 interfecti
785 505 860 548 sunt.

60 563 132 616 ldem
151 565 286 630 temporis
309 569 382 632 capti
395 565 550 628 tabellarii,
572 566 618 631 qni
639 579 656 616 a
677 563 805 616 Corduba
824 563 862 616 ad

61 632 217 698 Pompeium
228 635 305 684 missi
315 641 398 688 erant
408 650 609 703 perperamque
616 635 651 685 ad
662 641 755 684 castra
764 639 863 686 nostra

61 707 388 770 pervenerantpraecisis
398 706 525 756 manibus
537 705 615 754 missi
625 709 690 755 sunt
702 703 777 754 sacti.
799 703 862 755 Pari

60 771 266 835 consuetudine,
286 776 379 844 vigilia
390 774 515 826 secunda
527 789 562 826 ex
572 773 674 841 oppido
686 774 780 840 ignem
792 773 862 824 rnul-

60 848 118 894 tum
131 840 306 910 telorumque
322 844 534 897 multitudinem
549 843 696 906 iactando,
715 844 787 895 bene
804 858 860 894 mu·

60 926 141 978 gnum
160 916 269 978 tempus
283 919 496 966 consumserunt
512 913 723 980 compluresque
741 912 862 966 vulneri·

59 981 109 1036 bus
119 979 291 1034 adfecerunt.
326 984 484 1037 Praeterito
495 985 587 1035 noctis
595 988 729 1048 tempore,
740 983 860 1050 eruptio·

61 1065 124 1102 nem
143 1053 172 1101 in
187 1050 328 1120 legionem
342 1059 453 1106 sextam
470 1052 611 1115 lecerunt,
631 1067 715 1118 quum
730 1053 758 1103 in
774 1068 860 1121 opere

59 1121 146 1172 nostri
155 1120 271 1174 distenti
283 1130 386 1188 essent,
392 1125 551 1190 acriterque
561 1137 685 1191 pugnare
696 1131 858 1188 coeperunt:

59 1205 176 1259 quorum
191 1193 233 1242 vis
249 1208 412 1260 repressae
428 1196 547 1257 nostris,
567 1195 620 1246 etsi
633 1191 764 1259 oppidani
779 1207 858 1258 supe·

57 1263 134 1314 riore
143 1259 204 1312 loeo
215 1262 445 1316 defendebantur.
482 1264 518 1326 li,
538 1279 622 1331 quum
634 1263 809 1330 eruptionem
822 1261 860 1312 ia-

32 1395 34 1398 ·
58 1333 305 1397 cer-ecoepissent,
324 1338 418 1386 tamen
433 1334 536 1384 virtute
553 1333 673 1384 militurn
687 1337 860 1394 nostrorum,

57 1402 104 1469 qui
123 1399 259 1453 interiere
278 1402 340 1456 loeo
363 1403 571 1471 premebantur,
581 1402 686 1469 repulsi
707 1401 859 1452 adversarii

55 1471 128 1594 {rene
140 1470 235 1526 multis
244 1473 405 1525 vulneribus
419 1471 523 1526 adiecti
533 1474 566 1524 in
576 1471 706 1539 oppidum
724 1487 754 1524 se
765 1478 860 1524 contu·

69 1545 162 1594 erunt.
808 1591 814 1602 ,

107 1610 184 1663 Xlll.
201 1610 323 1663 Postero
334 1611 380 1663 dic
393 1609 548 1680 Pompeius·
559 1626 593 1666 ex
608 1611 707 1664 castris
721 1612 780 1662 suis
800 1611 861 1664 bra·

54 1679 149 1732 chium
171 1683 265 1748 coepit
285 1680 321 1732 ad
341 1680 444 1734 flumen
462 1682 570 1734 Salsum
591 1681 706 1734 ducere:
727 1686 764 1744 et,
773 1697 858 1750 quum

52 1751 147 1804 nostri
163 1751 270 1818 equites
285 1753 366 1816 pauci
382 1754 411 1803 in
427 1753 548 1804 statione
564 1751 686 1803 luissent
699 1767 716 1802 a
732 1751 860 1817 pluribus

51 1821 170 1888 reperti,
180 1819 214 1872 de
224 1823 345 1874 statione
356 1829 422 1874 sunt
432 1822 531 1874 deiecti
542 1826 571 1873 et
581 1823 664 1874 occisi
676 1828 743 1872 tres.
761 1823 803 1874 Eo
815 1821 860 1872 die

50 1893 81 1943 A,
101 1891 226 1957 Valgius,
245 1894 385 1944 senatoris
405 1892 496 1956 lilius„
511 1891 589 1945 cuius
605 1891 739 1944 fruteria
758 1892 860 1944 cestris

50 1961 177 2028 Pompeii
189 1959 302 2024 luisset,
321 1963 447 2013 omnibus
457 1964 514 2014 suis
526 1964 611 2015 rebus
622 1962 738 2024 relictis,
757 1976 859 2029 equum

50 2030 218 2083 conscendit
227 2038 257 2084 et
267 2030 349 2100 fugit.
386 2030 553 2099 speculator
568 2033 603 2084 de
614 2032 726 2099 legione
737 2031 859 2096 secunda

50 2102 228 2168 Pompeiana
248 2113 346 2169 eaptus
370 2117 390 2152 a
407 2103 545 2153 militibus
569 2108 599 2154 et
617 2100 782 2152 interiectus
803 2107 857 2150 est:

48 2170 184 2238 idemque
195 2174 328 2239 temporis
339 2171 419 2239 glans
430 2173 515 2222 missu
527 2177 577 2233 est,
587 2172 734 2237 inscripta,
754 2186 805 2236 pro
814 2169 856 2218 die

47 2239 87 2290 ad
101 2239 229 2305 oppidum
248 2240 406 2308 cupiendum
425 2242 592 2303 accederent,
611 2247 784 2292 tenetentum
801 2254 857 2290 esce

42 2309 213 2378 positurum.
249 2311 311 2371 Qua
330 2326 378 2378 spe
399 2310 536 2373 nonnulli,
564 2310 629 2362 dum
649 2310 711 2364 sine
730 2308 854 2374 periculo

45 2392 163 2428 murum
180 2376 346 2431 adscendere
361 2387 390 2432 et
407 2379 539 2447 oppidum
555 2381 640 2448 potiri
655 2392 779 2444 possese
796 2393 854 2444 rpe-

43 2453 127 2511 rant,
148 2452 263 2516 postero
278 2447 323 2499 die
337 2449 371 2500 ad
384 2465 492 2502 murum
505 2465 575 2516 opus
587 2448 681 2502 facere
688 2454 853 2514 coeperunt,

43 2524 75 2570 et
86 2520 162 2570 bene
173 2531 275 2585 magna
284 2519 384 2585 prioris
400 2521 473 2572 muri
488 2535 553 2587 pars
568 2519 761 2572 delectarent*
789 2518 853 2580 Quo

40 2591 123 2641 l'acto
133 2589 170 2639 ab
181 2587 333 2656 oppidanis,
343 2603 375 2642 ae
384 2592 408 2641 si
418 2605 531 2643 suarum
543 2592 664 2658 partium
675 2594 851 2652 ¹essentcon·

39 2659 168 2720 servati,
193 2659 292 2708 missos
312 2657 404 2712 fucere
424 2661 571 2724 loricatos,
595 2663 699 2729 quique
719 2659 851 2725 praesidii

39 2743 147 2780 caussa
157 2729 312 2797 praepositi
322 2730 424 2798 oppido
435 2748 452 2784 a
463 2731 597 2800 Pompeio
598 2735 713 2853 lqrrszsont,
724 2730 849 2784 orabant·
929 2755 930 2762 κ
951 2739 952 2744 ’
