2124 3154
228 264 230 268 .
330 213 646 270 FRAGMENTA.
843 219 897 272 510

89 325 192 402 Caesar
201 301 291 374 utitnr
300 319 353 372 bac
363 308 471 373 ratione
481 319 648 373 declinandi.
684 317 800 385 Quintil.
811 321 856 375 lib.
867 321 896 388 ὅ,

89 403 184 513 capili:
192 461 302 512 Tullius
313 467 342 512 ct
353 462 383 513 G.
395 461 499 512 Caesar
515 459 622 512 mordeo
631 461 775 522 memordi,·
801 479 895 534 prenge

89 547 139 600 pop
156 583 162 598 ⁸
184 529 207 591 ';
235 531 348 598 spondeo
363 531 492 600 spopondi
506 531 646 583 dixerunt
682 530 716 583 A.
731 533 799 586 Gall.
812 531 857 584 lib.
868 533 895 585 7.

90 618 121 652 co

144 671 173 722 C.
186 670 290 722 Caesar
300 671 347 733 ait,
367 667 393 720 L
402 671 485 722 litera
494 671 667 724 nominativo
679 671 817 740 singulari
829 686 896 724 neu·

90 748 135 790 tra
145 739 227 790 linita
236 741 352 791 nomina
362 741 479 792 eandem
492 740 801 808 definitionemcapere,
831 755 894 792 uam

90 811 201 876 capiant
209 809 238 862 Ε
248 810 331 861 litera
341 814 501 862 terminata.
537 809 612 862 Huic
618 809 744 876 „animali
765 819 792 862 et
803 757 835 862 a}
847 811 896 862 boo

91 878 214 943 ordinali,
235 878 298 931 broie
304 878 422 948 puteali,
442 889 470 932 et
480 879 514 932 ab
525 879 574 932 boc
581 880 694 947 plateali.
725 877 832 933 claris.
843 883 860 933 l.
873 879 895 930 l.

142 949 281 1014 Aplustre.
313 949 441 1002 Omnium
458 951 616 1012 nominum,
637 965 707 1018 quac
721 957 787 1002 sunt
803 951 894 1003 neutri

91 1020 199 1086 generis
210 1025 240 1070 et
249 1021 277 1069 in
288 1018 316 1071 Ε
326 1021 528 1083 terminantur,
551 1021 591 1070 ait
601 1019 723 1084 Plinius,
744 1021 894 1072 Caesarem

90 1089 176 1140 scisse
187 1087 300 1140 eosdem
312 1103 374 1140 esse
385 1089 535 1154 ablativos,
556 1090 653 1158 quales
668 1096 734 1142 sunt
744 1090 830 1142 dativi
841 1092 895 1142 sin·

90 1158 210 1226 gulares.
248 1156 411 1210 Chariclib.
425 1157 448 1210 l.

141 1225 194 1278 Ali
205 1229 295 1280 literis
307 1230 420 1280 nomina
435 1228 573 1281 neutralia
582 1230 747 1292 terminata,
778 1229 818 1280 ait
830 1229 896 1281 Cac-

91 1313 146 1360 sar,
167 1296 241 1366 quod
251 1297 345 1349 dativo
357 1304 386 1350 et
398 1300 519 1350 ablativo
530 1301 590 1365 pari
601 1300 663 1352 iure
674 1297 844 1367 funguntur,
864 1303 898 1349 ut

91 1368 163 1419 idem
175 1367 280 1419 Plinius
291 1367 397 1420 scribit.
433 1367 533 1420 Charis
542 1367 588 1420 lib.
602 1369 624 1420 l.

142 1437 234 1488 lubar.
249 1437 356 1488 Plinius
372 1439 411 1489 ait
421 1441 498 1490 inter
507 1443 601 1490 cetera
612 1440 696 1490 ctiam
709 1437 786 1489 istud
798 1437 896 1488 Caesa-

92 1523 148 1558 rem
161 1507 271 1560 dedisse
286 1513 481 1576 pracceptum,
501 1507 575 1575 quod
586 1513 686 1560 neutra
696 1509 823 1571 nomina,
844 1505 896 1556 AR

93 1577 264 1628 nominativo
276 1577 378 1640 clausa,
400 1593 451 1646 per
462 1577 480 1630 1
488 1577 609 1628 dativum
622 1577 830 1646 ablativumque
842 1578 897 1627 sin·

91 1647 197 1714 gularis
209 1647 371 1699 ostendant:
383 1647 468 1698 Iubar
478 1653 572 1698 tamen
585 1645 679 1698 etFar
690 1647 723 1698 ab
736 1645 787 1698 hac
797 1645 897 1714 regula

91 1716 237 1768 dissidere.
274 1731 339 1768 nam
353 1714 522 1769 lanicinium
537 1715 670 1781 dicimus,
688 1709 722 1769 ab
734 1713 781 1768 boe
791 1711 896 1780 iubare,

89 1785 191 1838 erduic
202 1785 291 1852 farri,
311 1786 345 1838 ab
355 1785 404 1839 boc
412 1787 500 1855 farre.
541 1783 649 1838 Oloris.
660 1785 705 1839 lib.
718 1784 741 1838 l.

139 1851 179 1899 Ac
190 1862 226 1899 ne
237 1850 285 1899 illa
297 1850 408 1918 quidem
420 1853 619 1919 ratio'recepta
630 1857 681 1914 est,
693 1865 776 1920 quam
789 1849 893 1903 Caesar

88 1915 208 1982 ponitin
220 1916 373 1984 femininis,
389 1926 421 1970 ut
430 1921 558 1989 puppim,
574 1923 689 1985 restim,
708 1921 819 1990 pelvim.
840 1917 893 1971 boc

88 1987 162 2039 enim
171 1987 331 2040 modoetab
339 1987 504 2052 hoccani,et
512 1991 546 2042 ab
558 1990 610 2043 boc
621 2007 699 2044 rane.
713 1988 894 2042 Clrorirlibd.

142 2056 247 2106 Tribus
258 2053 292 2105 ta·
303 2055 404 2107 iunctis
417 2057 506 2124 qualis
518 2064 615 2124 posset
625 2058 736 2124 syllaba
746 2058 897 2124 pronunci-

91 2121 151 2173 arii
181 2139 245 2174 nam
259 2131 432 2191 postremum
446 2125 457 2175 i
470 2141 523 2192 pro
534 2127 624 2178 vocali
640 2133 684 2177 est
694 2125 896 2192 accipiendum,

90 2192 285 2262 quodcaesari
294 2195 577 2247 artisGrammaticae
589 2196 751 2246 doctissimo
763 2195 897 2262 placitum

89 2262 190 2325 fuisse,
212 2277 229 2313 a
240 2262 356 2315 Victore
367 2279 478 2332 quoquc
487 2265 515 2315 in
527 2271 587 2316 arte
595 2265 784 2316 Grammatico
795 2263 829 2316 dc
840 2263 897 2332 syl-

89 2332 377 2400 labiscomprobatur.
413 2331 551 2386 Priscian.
562 2333 606 2386 lib.
620 2334 642 2384 l.
854 2345 857 2350 ·

149 2399 186 2464 7,
206 2401 269 2452 loco
286 2404 466 2455 consonantis
481 2403 588 2471 posita,
610 2403 726 2456 eandem
740 2417 856 2470 prorsus
868 2401 895 2452 in

95 2472 223 2524 omnibus
234 2474 290 2523 vim
301 2470 397 2524 habuit
410 2473 482 2541 apud
495 2473 628 2537 Latinos,
651 2487 732 2542 quam
744 2473 817 2540 apud
828 2473 899 2524 Aeo·

93 2541 136 2593 les
146 2541 286 2610 digamma
294 2541 335 2604 ἢ·
351 2557 403 2610 pro
415 2559 469 2611 quo
481 2545 584 2596 Caesar
594 2543 665 2596 bane
676 2545 791 2612 liguram
802 2545 824 2599 sl
834 2541 898 2592 scri-

96 2611 267 2664 bercvoluit.
280 2612 353 2680 quod
360 2615 486 2681 quamvis
496 2613 537 2664 illi
549 2619 626 2666 recte
637 2613 726 2664 visum
738 2617 898 2675 esttamen

95 2681 269 2734 consuetudo
280 2683 396 2750 antiqua
407 2687 557 2751 superavit.
592 2682 683 2736 Prisc.
692 2682 737 2735 lib.
750 2680 773 2734 1.

147 2750 223 2805 Haec
229 2751 439 2823 pollispollinis.
459 2754 499 2807 sic
510 2751 660 2808 Charisius.
686 2753 792 2808 Probus
803 2757 895 2804 autera
994 2777 996 2786 ι
