2134 3148
184 200 235 252 lis
370 205 401 254 Α.
424 201 565 253 lllil'l'll
587 201 641 251 DE
661 199 803 252 Brund

144 319 146 321 ·
184 311 227 356 tes
242 306 348 372 recepit
359 305 526 356 incolumes.
562 303 679 355 Postero
701 303 746 356 die
768 305 835 356 iuba
850 303 992 357 Numidas

184 391 243 438 eus,
263 379 323 442 qni,
343 376 404 426 lnco
416 378 516 425 antissio
523 411 531 436 ,
553 373 620 442 fuga
632 391 663 426 se
673 383 837 442 receperant
847 378 874 426 in
887 383 993 436 costra,

183 447 212 496 iu
224 461 307 498 eruce
318 461 414 497 ornnes
424 447 536 496 suffixit.

236 515 345 567 vau.
365 517 467 566 Caesar
477 515 597 576 interim,
609 515 737 582 quoniam
749 513 884 567 frumeuti
896 515 993 582 inopia

184 587 374 654 premebatur,
392 587 487 652 copias
499 599 597 636 omnes
608 587 636 635 in
649 591 742 636 eastra
752 585 882 636 conducit
887 601 896 649 ;
909 591 994 652 atque

185 656 327 722 praesidio
338 656 435 724 Lepti,
458 656 611 722 Ruspinae,
631 653 753 706 Achillae
765 656 875 718 relicto,
898 656 994 721 Cispio

185 727 356 793 Aquilaeque
372 726 461 777 classe
478 724 630 786 transdita,
660 730 692 776 nt
712 726 784 776 alter
798 726 995 786 Adrumetum,

186 796 259 846 alter
269 795 412 862 Thapsum
428 798 497 846 mari
510 793 684 858 obsiderent,
715 795 774 862 ipse
786 795 886 846 castris
898 795 996 846 incen-

186 869 234 927 sis,
250 872 350 932 quarta
360 867 451 917 noctis
463 865 567 932 vigilia,
585 866 643 915 acie
652 868 798 928 instructa,
811 865 997 930 impedimen-

173 936 223 986 ·tis
233 937 261 984 in
273 936 385 985 sinistra
396 941 474 1001 parte
486 936 645 996 collocatis,
676 949 756 986 exeo
769 935 829 985 loco
842 935 997 1000 prolieisei-

185 1011 233 1055 tur
248 1009 279 1054 et
293 1006 422 1070 pervenit
438 1005 473 1055 ad
489 1004 618 1072 oppidum
628 1005 716 1072 Agar3
747 1004 820 1073 quod
833 1019 850 1054 a
862 1003 996 1056 Gaetulis

187 1087 270 1139 saepe
281 1079 365 1124 antea
376 1083 566 1141 oppugnatum
582 1087 743 1142 summaque
756 1077 782 1123 ri
794 1089 845 1141 per
856 1075 935 1140 ipsos
947 1090 996 1140 np-
1048 1079 1049 1084 ’

185 1143 302 1212 pidanos
322 1151 384 1194 erat
398 1143 551 1195 defensum.
597 1145 638 1195 lbi
653 1146 681 1194 in
697 1159 793 1208 campo
811 1145 914 1194 castris
930 1146 995 1194 unis

186 1215 300 1283 positis,
329 1215 390 1280 ipse
407 1213 605 1266 frumentatum
623 1217 723 1264 circum
737 1213 819 1264 villas
835 1229 896 1265 eum
910 1221 994 1280 parts

188 1286 329 1335 exereitus
340 1283 491 1350 profectus,
511 1299 614 1354 magno
625 1286 737 1336 invento
751 1283 858 1347 bordei,
878 1283 945 1346 olei,
956 1285 995 1334 ri·

186 1355 230 1416 ni,
250 1352 295 1403 liei
308 1369 438 1416 numero,
458 1369 546 1422 pauco
557 1355 658 1417 tritici,
679 1360 762 1420 atque
773 1358 901 1405 recreato
913 1369 993 1404 exer·

187 1428 259 1484 ritu,
281 1423 353 1474 redit
369 1426 397 1473 in
409 1431 508 1476 castra.
545 1423 639 1491 Scipio
655 1425 780 1484 interim,
801 1423 912 1490 cognito
926 1424 994 1475 Cae·

186 1494 258 1545 suris
270 1493 407 1556 discessu,
436 1511 497 1545 cunr
509 1497 644 1545 universis
657 1497 744 1561 copiis
759 1507 807 1560 per
816 1495 911 1560 iugum
927 1495 994 1544 Cae-

187 1577 277 1615 sarem
290 1563 422 1632 subsequi
433 1566 526 1631 cocpit
535 1572 621 1632 atque
633 1567 732 1616 abelus
744 1563 993 1630 castrismiliapas·

186 1649 267 1753 segni
279 1647 329 1684 sex
340 1633 433 1701 longe,
448 1637 530 1685 trinis
541 1637 640 1686 eastris
650 1634 804 1703 dispartitis
816 1627 911 1700 inpiis,
930 1649 992 1684 cnn·

186 1720 217 1756 se
239 1705 268 1751 ie
333 1710 337 1720 ’
692 1719 695 1726 ·

123 1769 127 1772 ’
237 1771 361 1823 lixvlll.
381 1773 516 1840 Oppidum
529 1783 589 1828 erat
599 1775 677 1838 Zeta,
693 1776 764 1842 quod
778 1775 875 1826 aberat
886 1771 921 1823 ab
934 1771 992 1824 Sci·

184 1841 267 1908 pione
278 1840 355 1891 milia
368 1857 496 1907 passuum
508 1843 613 1909 decem,
623 1846 658 1896 nd
671 1848 731 1896 eius
744 1849 883 1912 regionem
895 1848 993 1909 etpar·

184 1919 242 1962 tem
255 1917 410 1961 castrorum
426 1913 607 1978 collocatum,
636 1931 653 1966 a
665 1916 783 1968 Caesare
795 1920 888 1964 autern
900 1912 992 1965 direr-

185 1995 246 2032 sum
259 1995 291 2030 ac
305 1987 457 2045 remotum,
486 1984 561 2050 quod
577 1991 639 2036 erat
655 1985 690 2036 ab
702 2001 734 2037 eo
746 1985 830 2052 longe
842 1983 919 2034 milia
931 1999 992 2050 pns-

185 2063 264 2102 suum
276 2049 327 2102 XV
330 2050 375 2102 ΙΙΙ.
402 2051 466 2102 lluc
477 2051 570 2118 Scipio
581 2055 707 2120 legiones
719 2057 788 2107 duas
799 2053 993 2108 frumentandi

185 2123 277 2188 gratia
288 2122 372 2172 misit.
408 2122 488 2183 Quod
500 2132 646 2192 postquam
657 2126 761 2177 Caesar
772 2140 807 2176 ex
818 2123 936 2192 perfuga
946 2135 992 2176 co·

184 2194 296 2258 guerit,
328 2193 428 2243 eastris
444 2207 479 2243 ex
496 2209 593 2261 campo
609 2197 637 2245 in
655 2196 753 2247 collem
771 2210 803 2245 ae
813 2195 919 2244 tutiora
929 2194 992 2250 lora

185 2261 311 2324 collatis,
338 2267 421 2330 atque
433 2263 471 2314 ibi
482 2265 621 2329 praesidio
633 2265 747 2328 relicto,
769 2267 828 2332 ipse
840 2269 942 2331 quarta
951 2267 991 2316 ri-

185 2330 255 2398 gilia
266 2347 410 2398 egressus,
439 2339 553 2399 praeter
562 2333 686 2385 bostium
698 2342 790 2386 castra
801 2333 990 2404 proficiscitur

185 2416 247 2451 cnm
258 2403 354 2468 copiis,
374 2409 403 2453 et
414 2403 545 2469 oppidum
556 2406 671 2472 potitur.
697 2405 838 2474 Legiones
850 2405 990 2472 Scipionis

185 2473 322 2535 comperit
338 2471 449 2538 longius
465 2475 493 2522 in
510 2476 586 2542 agris
603 2473 770 2527 frumentari
787 2481 828 2539 et,
859 2491 941 2544 quum
954 2492 988 2530 eo

185 2539 355 2590 contendere
367 2551 524 2604 conaretur,
539 2545 748 2610 animadvertit,
761 2547 856 2614 copias
865 2545 987 2598 hostium

184 2605 218 2654 iis
239 2604 396 2670 legionibus
416 2623 563 2662 occurrere
583 2616 734 2679 suppetias.
771 2615 848 2676 Quae
868 2631 912 2668 res
929 2617 988 2667 eius

183 2675 314 2737 impetum
326 2676 488 2727 retardavit.
505 2680 617 2746 ltaque,
629 2690 709 2748 capto
722 2683 751 2734 C.
764 2685 859 2738 lllucio
871 2685 986 2752 Regino,

184 2739 277 2804 equite
288 2741 421 2805 Romano,
443 2743 581 2812 Scipionis
591 2749 822 2817 familiarissimo,
843 2757 889 2824 qui
903 2757 926 2805 ei
940 2771 983 2820 op·
