2168 3134
67 3028 168 3092 A

166 189 218 248 roe
357 145 780 240 nn‘ennnoernuico

166 293 333 348 adolescens
345 298 374 344 ct
385 307 509 342 summae
525 291 600 343 domi
611 291 754 357 potentiae
762 327 770 354 ,
802 295 832 342 et
841 305 898 341 una
907 289 972 342 Vir·-
1062 321 1063 360 q

169 365 299 416 dumarus
306 399 315 425 ,
336 363 399 429 pari
410 367 505 412 aetate
517 368 546 412 et
557 362 656 428 gratia,
678 360 729 412 scd
739 375 843 426 genere
854 360 973 426 dispari,

167 450 251 502 quem
263 434 380 495 Caesar,
401 431 456 482 sibi
466 431 501 482 ab
513 430 654 481 Divitiaco
665 429 843 494 transditum,
865 443 901 480 ex
921 429 973 479 bu·

167 505 231 556 mili
246 503 308 554 loco
329 501 366 552 ad
386 515 521 553 summam
538 500 704 566 dignitatem
725 498 909 567 perduxerat,
941 499 974 549 in

170 574 295 641 equitum
307 586 421 622 numero
433 576 630 631 convenerant,
641 569 806 620 nominatim
818 570 851 620 ab
863 582 898 620 co
910 583 974 620 evo·

168 643 235 694 cati.
271 641 324 692 His
335 647 395 691 erat
406 640 482 691 inter
498 652 528 691 se
539 639 574 690 de
586 640 742 705 principatu
754 638 911 701 contentio,
943 641 976 688 ct

170 714 201 764 in
219 711 269 762 illa
283 711 498 777 magistratuum
516 710 708 760 controversia
723 709 796 760 alter
810 723 861 776 pro
873 708 974 760 Conri-

171 781 320 842 ctolitaue,
353 779 426 829 alter
441 793 491 846 pro
508 780 577 828 Coto
593 778 707 829 summis
724 780 823 844 opibus
834 791 974 845 pugnave-

169 856 245 903 rant.
281 853 324 902 Ex
334 850 369 898 iis
381 847 564 914 Eporedirix,
585 847 697 914 cognito
709 848 828 917 Litavici
845 847 975 908 consilio,

170 920 266 972 media
277 917 337 968 fere
349 923 430 966 nocte
443 932 502 967 rem
514 918 549 967 ad
561 917 709 968 Caesarem
723 917 829 979 dcicrt3
853 922 925 978 orat,
941 932 975 967 nc

167 989 310 1059 potietur,
342 984 478 1036 civitatem
485 985 581 1052 prauis
591 984 798 1036 adolescentium
809 985 928 1038 consiliis
939 983 974 1036 ab

172 1056 295 1125 arrrr'citr'p
303 1054 397 1120 populi
408 1053 525 1108 Rorrrarri
536 1054 655 1123 deicere,
671 1053 876 1127 quodfuturum
883 1053 976 1120 proei-

173 1127 252 1190 deut,
276 1124 300 1176 εἰ
310 1139 337 1175 se
348 1131 390 1174 tot
400 1123 535 1176 bominum
546 1123 620 1175 milia
631 1139 692 1174 cunr
702 1122 821 1175 hostibus
831 1126 977 1176 coniurare·

172 1196 241 1258 rint,
263 1209 374 1261 quorum
386 1195 499 1245 salutern
510 1209 592 1258 neque
602 1193 747 1260 propinqui
757 1196 913 1264 neglegere,
931 1209 975 1247 uc·

173 1282 224 1336 que
235 1265 331 1318 cirritos
343 1264 394 1315 leui
403 1273 533 1316 momento
544 1263 688 1315 aestimare
696 1272 795 1331 portet.

227 1337 286 1388 XL.
309 1335 415 1401 Magna
440 1333 567 1385 adfectus
590 1333 779 1386 sollicitudine
800 1333 976 1386 bocvnuncio

175 1408 292 1468 Caesar,
324 1404 397 1471 quod
412 1419 523 1471 semper
538 1402 697 1454 Aeduorum
708 1405 816 1456 civitati
827 1405 976 1471 praecipue

174 1475 347 1536 indulserat,
378 1474 455 1524 nulla
469 1475 638 1539 interposita
654 1474 828 1527 dubitatione
849 1474 976 1540 legiones

176 1545 324 1611 expeditas
341 1549 461 1610 quatuor
476 1543 686 1612 equitatumque
702 1559 811 1596 omnem
827 1558 862 1596 cx
874 1542 976 1593 castris

176 1615 286 1665 educit:
303 1629 353 1664 nec
363 1613 418 1665 fuit
429 1614 551 1680 spatium
563 1613 617 1664 tali
626 1619 753 1680 tempore
765 1614 799 1664 ad
811 1611 976 1663 contrahen-

176 1683 213 1734 da
224 1689 331 1744 castra,
363 1683 435 1748 quod
453 1697 500 1732 res
516 1683 610 1746 posita
620 1682 648 1732 in
660 1683 807 1732 celeritate
818 1679 975 1730 ridebatur.

176 1752 206 1803 C.
221 1752 339 1803 Fabium
353 1752 477 1817 legatum
495 1766 556 1800 curn
572 1750 730 1817 legionibus
750 1750 857 1800 duabus
875 1749 975 1799 castris

174 1821 317 1886 praesidio
329 1819 471 1886 relinquit.
499 1819 614 1870 Fratres
627 1819 746 1870 liitavici
756 1833 839 1886 quum
851 1831 975 1883 compro·

172 1887 262 1940 hendi
272 1889 409 1949 iussisset,
430 1888 522 1955 paullo
533 1894 599 1938 ante
610 1889 718 1954 reperit
728 1888 763 1940 ad
775 1888 870 1939 hostes
880 1885 975 1954 prolu-

175 1957 261 2025 gisse.
297 1955 467 2010 Adhortatus
487 1958 605 2020 milites,
635 1974 668 2009 ne
688 1957 837 2010 necessario
858 1965 976 2025 tempore

173 2025 283 2080 itineris
294 2025 384 2078 labore
392 2036 610 2092 permoveantur,
642 2028 829 2094 cupidissimis
841 2028 977 2089 omnibus,

174 2112 340 2164 progressus
352 2097 429 2148 milia
441 2112 571 2164 passuum
583 2095 673 2160 XXV,
706 2113 806 2166 agmen
817 2097 977 2149 Aeduorum

175 2167 363 2232 conspicatus,
384 2167 510 2220 immisso
521 2168 656 2234 equitatu,
677 2168 733 2220 iter
744 2183 840 2219 eorum
851 2171 977 2218 moratur

176 2243 261 2304 atque
276 2236 407 2304 impedit,
437 2236 639 2305 interdicitque
656 2238 799 2297 omnibus,
831 2252 866 2288 ne
883 2251 975 2304 quern·

177 2321 260 2375 quam
275 2305 457 2358 interficiant.
493 2307 706 2374 Eporedirigcm
725 2314 755 2358 et
771 2305 976 2367 virdumarum,

177 2391 247 2444 quos
260 2375 304 2426 illi
315 2375 480 2428 interiectos
492 2375 700 2439 existimabant,
710 2376 786 2427 inter
797 2377 905 2442 equites
916 2390 976 2427 rer-

177 2446 234 2497 suri
245 2460 364 2512 suosque
376 2446 516 2513 adpellare
527 2447 615 2497 iubet.
652 2446 689 2496 lis
700 2446 820 2512 cognitis
833 2450 861 2495 et
872 2445 976 2496 Litavi-

177 2513 312 2568 cilraude
323 2527 483 2582 perspecta,
502 2515 591 2567 Aedui
600 2530 697 2566 manus
707 2515 839 2576 tendere,
858 2514 976 2566 deditio-

176 2597 241 2634 nem
253 2583 415 2650 significare
427 2591 456 2636 ot
465 2585 599 2652 proiectis
611 2585 697 2636 armis
707 2583 975 2651 mortonrdcprecari

177 2650 324 2716 incipiunt.
360 2653 504 2705 Litaricus
524 2669 586 2705 curn
606 2655 665 2704 suis
684 2654 849 2716 clientibus,
878 2654 976 2720 quibus

178 2733 256 2768 more
268 2719 412 2786 Gallorum
424 2721 571 2785 inolescet,
595 2725 679 2775 ctiam
689 2724 717 2773 in
729 2729 855 2776 extrema
865 2721 975 2774 fortuna

180 2785 464 2855 desercrcpatronos,
483 2790 651 2858 Gergouiam
661 2792 796 2857 profugit.
