2168 3134
191 183 252 236 -172
387 183 442 236 DE
462 179 602 236 BELLO
621 182 811 246 ,eshmco

201 303 253 356 que
273 283 461 356 transgressi,
481 290 563 339 trinis
573 289 674 339 castris
685 289 838 355 potiuntur.
874 289 1007 339 Actanta

199 355 255 408 fuit
274 358 303 406 in
325 359 423 409 castris
444 357 585 424 capiendis
606 355 747 420 celeritas,
768 363 800 407 ut
809 358 1007 419 Teutomatus,

200 441 251 478 rex
266 426 467 494 Nitiobrigum,
489 429 581 480 subito
601 427 630 476 in
653 427 835 479 tabernaculo
844 439 1007 491 oppressus,

201 503 234 546 ut
254 496 369 548 meridie
389 499 597 564 conquieverat,
619 497 763 564 superiore
784 497 907 561 corporis
923 497 1006 561 parte

201 565 323 628 nudata,
338 567 483 618 vulnerato
494 582 574 634 equo,
588 568 634 616 rix
644 581 675 618 se
687 581 723 618 ex
733 566 860 617 rnauibus
869 564 1005 632 praedan-

199 636 269 686 tium
281 637 400 686 militum
411 638 539 702 eriperet.

252 704 363 758 XLVll.
386 707 557 758 Consecutus
579 705 622 767 id,
643 705 717 774 quod
737 707 829 756 animo
851 717 1003 771 proposue-

199 780 253 836 rat,
270 775 372 826 Caesar
383 777 505 841 receptui
518 777 578 825 cani
590 776 673 826 iussit
682 775 857 842 legionisque
870 774 1003 835 decimae,

201 858 318 912 quacum
334 850 395 897 erat
410 847 605 906 concionatus,
626 847 707 912 signa
718 848 878 896 constitere.
913 844 949 894 At
959 857 1003 893 re·

200 914 339 980 liquorum
356 912 459 964 milites
477 914 632 980 legionum,
652 929 708 964 nou
724 915 854 965 exaudito
866 914 950 964 tubae
961 926 1005 962 so·

200 997 250 1044 no,
272 981 345 1047 quod
356 984 424 1032 satis
436 998 536 1050 magne
545 983 624 1034 vellis
635 983 840 1045 intercedebat,
861 992 956 1034 tamen
968 983 1003 1032 ab

200 1051 319 1101 tribunis
335 1051 451 1101 militum
467 1053 637 1119 legatisque,
655 1058 685 1102 ut
697 1059 758 1103 erat
768 1068 784 1103 a
795 1055 1004 1118 Caesare-prae·

201 1127 323 1188 ceptum,
340 1121 543 1172 retinebantur:
560 1121 609 1172 sed
621 1123 690 1173 elati
699 1136 748 1187 spo
760 1122 859 1172 celeris
870 1123 1003 1173 victoriae

201 1195 231 1243 et
244 1189 366 1240 bostium
381 1190 449 1257 fuga
459 1193 689 1259 superiorumque
706 1197 860 1256 temporum
872 1190 1003 1243 secundis

200 1260 330 1328 proeliis,
350 1257 418 1310 nibil
429 1260 498 1312 adeo
510 1261 627 1313 arduum
639 1262 690 1313 sibi
703 1262 906 1322 existimabant,
928 1259 1004 1328 quod

200 1345 257 1382 uon
270 1331 374 1381 virtute
386 1332 519 1399 consequi
529 1338 656 1398 possent3
678 1345 768 1397 noque
781 1334 856 1397 prius
867 1332 952 1382 tinem
962 1345 1003 1381 se·

201 1400 304 1467 queruli
324 1399 466 1463 fecerunt,
488 1417 569 1469 quam
590 1416 669 1453 muro
691 1402 784 1468 oppidi
800 1401 943 1468 portisque
956 1399 1002 1451 ad·

200 1471 427 1538 propinquarent.
449 1473 520 1523 Tum
531 1487 597 1523 vero
608 1487 642 1524 ex
654 1471 780 1523 omnibus
791 1472 866 1522 urbis
878 1469 1003 1537 partibus

200 1546 264 1590 orto
286 1541 419 1603 clamore,
441 1543 486 1608 qui
508 1542 620 1608 longius
641 1541 770 1603 aberunt,
794 1542 940 1607 repentino
959 1545 1002 1588 tu·

201 1609 289 1660 multu
300 1613 452 1675 perterriti,
469 1625 553 1677 quum
566 1611 673 1663 hostem
685 1611 758 1660 intra
770 1616 864 1676 portas
876 1624 935 1660 esse
946 1610 1002 1660 exi·

200 1679 361 1741 stimareut,
381 1695 442 1730 sese
458 1695 493 1731 ex
509 1681 609 1746 oppido
625 1681 773 1731 eiecerunt.
808 1680 914 1730 Matres
924 1677 1003 1727 fami·

199 1746 254 1798 liae
271 1747 306 1799 de
320 1763 399 1798 muro
415 1755 517 1801 vestem
532 1755 732 1817 argentumque
745 1749 886 1799 iactabant
896 1752 937 1808 et,
955 1761 1001 1812 pe-

199 1817 284 1866 ctoris
294 1818 349 1869 tine
362 1821 567 1882 prominentes,
587 1819 674 1885 passis
686 1819 812 1868 manibus
824 1817 1001 1867 obtestaban-

198 1891 246 1934 tur
261 1885 414 1949 Romanos,
434 1893 465 1937 ut
479 1887 530 1938 sibi
541 1893 700 1954 parcerent,
720 1903 788 1950 neu,
809 1889 882 1938 sicut
892 1887 1002 1938 Avarici

199 1953 344 2018 fecissent,
357 1971 393 2006 ne
404 1957 564 2008 mulieribus
576 1957 686 2024 quidem
696 1961 780 2023 atque
791 1957 944 2008 infantibus
955 1956 1002 2006 ab·

197 2026 346 2093 stinerent.
386 2025 557 2090 Nonnullae,
580 2027 613 2077 de
629 2027 714 2076 muris
731 2041 781 2092 per
793 2043 889 2078 manus
900 2027 1000 2078 demis·

198 2110 260 2156 sae,
281 2111 342 2147 sese
353 2095 486 2147 militibus
497 2096 689 2148 transdebant.
729 2098 761 2149 L.
774 2096 885 2158 Fabius,
907 2102 1000 2148 centu·

198 2168 240 2216 rio
253 2165 373 2234 legionis
384 2164 457 2229 Vlli,
470 2181 552 2234 quem
563 2168 637 2218 inter
646 2181 711 2219 suos
724 2183 757 2219 eo
768 2167 812 2219 die
823 2167 925 2218 dixisse
938 2181 1001 2216 con·

198 2237 304 2298 stabat,
330 2237 444 2288 excitari
466 2252 497 2288 se
518 2237 725 2289 Avaricensibus
747 2239 890 2304 praemiis,
911 2251 1000 2304 neque

197 2308 425 2369 mmmissurum,
441 2311 473 2356 ut
487 2308 563 2372 prius
574 2307 722 2374 ‘quisquam
733 2323 842 2358 uturum
854 2306 1000 2358 adscende-

198 2379 257 2437 rct,
277 2383 334 2428 tres
345 2391 410 2426 suos
420 2382 517 2427 nactus
527 2377 713 2443 manipulares
729 2384 810 2444 atque
821 2379 855 2428 ab
865 2377 899 2428 iis
910 2376 999 2428 suble·

198 2453 279 2495 vatus
299 2461 408 2496 murum
429 2446 581 2498 adscendit.
617 2447 672 2498 Eos
691 2448 751 2514 ipsc
770 2462 865 2499 rursus
875 2448 1000 2516 singulos

200 2519 364 2579 exceptans,
384 2516 413 2565 in
424 2531 532 2570 murum
544 2517 653 2568 extulit.

252 2583 377 2636 XLVlll.
398 2583 513 2636 Interim
524 2587 552 2647 ii,
572 2588 619 2653 qui
640 2587 677 2638 ad
697 2587 815 2640 alteram
835 2591 1000 2653 partemop·

200 2651 265 2715 pidi‚
286 2657 420 2719 utsupra
439 2655 699 2720 demonstravimus,
721 2658 882 2708 nirrnitionis
903 2671 1002 2708 caussa

200 2727 396 2785 couvenerant,
415 2725 504 2790 primo
524 2725 653 2778 exaudito
675 2728 808 2792 clamore,
832 2724 898 2780 iude
916 2727 999 2780 etiam
