2152 3132
191 181 240 231 luo
330 215 335 224 ι
371 179 425 231 DE
452 175 595 228 ΒΗΜΛ)
617 175 807 230 Gannico

187 283 346 334 nccrrltabat
360 287 445 349 atque
461 283 496 332 iis
512 282 688 349 regionibus,
706 281 807 348 quibus
822 295 879 331 nus
889 283 948 334 iter
960 284 1002 334 la-

186 359 280 402 ctnros
291 359 469 418 cognoverat,
484 367 588 418 pecora
598 359 682 416 atque
693 348 822 402 honines
833 366 868 401 ex
879 349 1001 418 agr-isia
1056 355 1067 382 ¹

186 420 271 471 silvas
281 419 479 486 compellebat:
501 429 543 480 et,
564 437 648 488 quum
661 422 804 486 equitatus
814 429 913 471 nester·
929 422 1001 472 libe·

188 491 246 540 rius
263 489 416 556 praedandi
426 491 609 558 vastandique
621 503 719 540 caussa
728 504 759 539 se
770 491 800 539 in
812 505 895 556 agros
905 489 999 540 effun-

188 559 284 624 deret,
306 560 433 610 omnibus
447 561 500 612 riis
517 564 592 612 notis
607 559 770 626 semitisque
786 560 943 610 essedarios
960 575 1000 612 ex

189 628 266 680 silvis
286 629 433 680 emittebat
453 637 483 680 et
497 645 598 698 magno
614 643 676 680 eum
691 629 816 694 periculo
833 636 998 682 nostrorum
1068 647 1069 670 ι

190 699 313 766 equitum
330 713 390 748 cnm
407 700 442 750 iis
458 698 640 767 confligebat,
662 706 746 766 atque
757 698 898 749 bucmetn
911 699 998 748 latius

189 771 283 835 rugari
295 767 467 834 prohibebat.
493 767 722 836 Relinquebatur,
737 775 872 836 utaequa
884 767 999 833 longius

190 837 224 888 ab
235 839 345 904 agmine
357 838 498 903 legionum
511 838 614 890 discedi
628 839 732 888 Caesar
744 844 891 903 pateretur
902 843 1000 888 ottan-

189 911 249 958 tum
265 907 294 955 in
311 908 384 972 agris
400 907 542 957 vastandis
557 907 751 973 incendiisque
763 906 901 958 faciendis
913 907 1001 958 busti·

191 975 242 1026 bus
258 981 418 1036 noceretur,
439 981 572 1040 quantum
589 977 686 1026 labore
701 981 786 1043 atque
797 978 901 1028 itincre
912 976 1000 1042 legio-

191 1044 262 1094 narii
274 1042 378 1094 milites
390 1041 503 1094 ellicere
516 1050 656 1110 poterant

227 1111 286 1164 XX.
312 1111 426 1164 interim
443 1111 646 1174 Trinobantes,
674 1127 761 1179 prope
776 1114 937 1165 firmissima
953 1127 1000 1164 ea·
1067 1121 1069 1126 '

192 1195 253 1234 rum
266 1181 410 1250 regionum
422 1183 534 1245 ciritae,
557 1195 592 1233 ex
608 1195 663 1249 qna
675 1181 888 1233 Mandubratius
901 1182 1006 1234 adule-

193 1267 289 1314 seens,
306 1253 434 1304 Caesaris
447 1251 530 1303 iidem
542 1257 669 1311 secutus,
690 1252 725 1302 ad
738 1265 801 1302 eum
812 1255 839 1302 ln
853 1252 1001 1302 continen-

194 1331 251 1374 tom
269 1321 389 1373 Galliam
404 1327 536 1384 venerat,
557 1321 647 1384 (cuius
663 1327 745 1387 pater
760 1322 953 1372 lmanuentius
969 1325 1000 1373 in

195 1408 229 1444 ou
245 1393 360 1444 civitate
372 1405 490 1458 regnum
502 1392 663 1443 obtinuerat
674 1391 895 1457 interiectusque
908 1397 971 1440 erat
983 1407 1001 1442 a

195 1461 420 1524 Cusnirellaumq
443 1463 504 1526 lpse
520 1459 588 1528 fuga
598 1464 717 1512 mortem
730 1460 877 1522 vitaverat)
888 1461 1001 1528 legatos

195 1531 228 1584 ml
241 1533 390 1582 Caesarem
402 1533 517 1582 mittunt
527 1530 762 1597 pollicenturque,
778 1545 841 1581 sese
854 1531 879 1581 ei
892 1529 1001 1582 deditu-

196 1615 243 1652 ros
255 1605 338 1668 atque
351 1601 488 1666 imperata
499 1599 634 1651 facturos:
660 1606 775 1665 petunt,
791 1604 823 1649 ut
833 1599 1000 1651 Mandubra-

195 1671 267 1722 tinm
282 1669 317 1721 ub
332 1670 434 1720 iniuria
445 1669 649 1721 Cassivellauni
659 1667 793 1720 defendat
804 1675 887 1736 atque
898 1669 926 1718 in
939 1671 1001 1719 ciri-

197 1745 283 1790 tatem
310 1739 416 1800 mittat,
445 1739 491 1804 qui
515 1740 620 1803 praesit
641 1739 843 1805 imperiumque
865 1739 1001 1790 obtineat·

197 1807 248 1858 llln
262 1809 365 1860 Caesar
376 1809 494 1873 imperat
505 1807 615 1858 obsides
627 1806 677 1856 XL
690 1805 1001 1874 frumentumqueexer·

197 1877 275 1937 citui,
296 1875 577 1942 Mandubratiumque
589 1875 624 1926 ad
637 1891 685 1925 eos
697 1877 792 1927 mittit.
827 1877 872 1928 lili
884 1878 1000 1944 impera-

197 1951 225 1996 tn
241 1943 375 1996 celeriter
388 1943 529 2007 iecerunt,
547 1944 660 1995 obsides
672 1945 706 1994 ad
719 1960 866 1998 numerum
878 1945 1000 1998 frumen·

197 2021 224 2064 lu
246 2029 279 2064 ne
292 2013 435 2064 miserunt.

227 2029 304 2134 (dlxi.
327 2081 546 2133 Trinobantibus
563 2081 688 2134 defensis
703 2090 788 2151 atque
800 2086 834 2135 ab
846 2086 920 2135 omni
933 2083 1002 2134 mili·

198 2159 256 2206 tum
270 2153 370 2202 iniuria
382 2150 541 2217 prohibitis,
557 2152 734 2218 Cenimagni,
751 2153 926 2222 Segontiaoi,
946 2159 999 2205 An·

198 2221 304 2285 naliter,
323 2221 441 2280 llibrooi,
457 2221 543 2283 Cossi,
559 2221 746 2289 legationibus
758 2224 852 2275 orieris
863 2225 1000 2276 aescene-

200 2293 255 2345 snrl
268 2291 381 2342 dedunt.
395 2342 396 2347 ,
408 2291 448 2343 nb
460 2288 503 2342 hin
513 2291 670 2360 cognoscit,
687 2307 742 2344 non
754 2294 837 2360 longe
849 2307 884 2344 ex
895 2307 929 2344 eo
939 2293 999 2346 loco
1052 2343 1056 2350 ,

201 2361 330 2430 oppidum
346 2359 545 2413 Cassivellauni
566 2361 679 2424 abasse,
706 2364 783 2414 silvis
800 2363 999 2432 paludibusque

200 2431 351 2495 munitum,
378 2446 432 2500 quo
453 2435 521 2483 satis
542 2445 659 2499 mugnus
679 2430 820 2484 bominum
837 2436 1000 2504 pecorisque
1064 2453 1065 2470 ι

201 2515 332 2553 numerus
345 2504 515 2553 convenerit.
549 2501 700 2567 (Oppidum
712 2509 803 2555 autem
816 2504 945 2556 Britanni
955 2519 999 2554 ro·

200 2575 277 2633 cant,
298 2583 381 2638 quum
398 2569 482 2622 silvas
498 2571 648 2636 impeditas
664 2571 737 2621 vallo
754 2577 838 2640 atque
854 2573 932 2626 fossa
942 2589 998 2624 mu·

201 2639 324 2702 nierunt,
350 2651 404 2706 quo
425 2639 592 2690 incursionis
614 2637 735 2690 hostium
754 2643 886 2694 vitandae
902 2657 999 2694 caussa

201 2707 348 2759 nonrenirc
364 2710 555 2770 consuerunt.)
590 2707 630 2760 Eo
647 2709 903 2777 proticiscitnrcnm
915 2711 997 2780 legio·
1063 2717 1064 2722 ’
