2152 3144
157 164 210 224 376
331 168 361 220 Α.
377 165 519 220 ΗΙΒῚῊ
537 167 593 220 DE
615 166 757 219 BELLO

157 273 319 326 nationibus
340 273 496 339 exprimere
513 269 667 324 contendit.
691 270 786 322 lianc
799 271 870 322 locis
887 287 975 339 supes

155 344 279 396 rioribus
292 343 410 395 fundere
421 342 450 392 in
467 348 576 409 partem
589 340 718 391 Caesaris
730 356 787 392 non
798 341 976 394 intermitte·

154 413 218 476 bat3
239 413 418 481 quamobrem
439 413 539 464 salsior
554 409 649 478 paullo
665 416 777 476 praeter
788 411 972 464 consuetudi·

157 499 223 534 nem
245 499 319 551 aqua
339 479 505 534 trahebatur
527 497 562 533 ex
584 481 716 547 proximis
739 481 887 544 aediliciis,
909 497 972 532 ma·

158 569 297 622 gnaraque
309 552 470 604 bominibus
482 550 697 603 admirationem
710 551 872 616 praebebat,
883 565 972 618 quana

158 625 194 674 ob
207 638 332 676 caussam
345 623 374 673 id
385 622 544 674 accidisset:
565 636 617 672 nec
640 619 710 670 satis
727 621 778 672 sibi
801 622 855 686 ipsi
872 619 973 672 crede-

156 694 233 757 bant,
253 709 337 760 quum
348 707 378 743 se
390 691 539 743 inferiores
551 689 675 742 eiusdem
686 691 801 756 generis
813 705 846 742 ac
857 689 972 756 saporis

157 779 230 830 aqua
242 764 369 814 dicerent
379 762 431 824 uti,
442 767 525 829 atque
537 767 602 812 anta
614 766 810 812 consuessent:
827 760 972 827 vulgoque

157 835 234 884 inter
245 847 275 882 se
287 830 471 883 conferebant
487 836 517 882 et
532 827 721 897 degustando,
741 835 875 897 quantum
892 831 973 880 inter

158 918 189 954 so
200 900 347 953 differrent
357 915 455 966 aquae,
468 901 681 967 cognoscebant.
718 897 807 950 Parvo
819 913 887 951 roro
899 904 973 950 tem-

156 971 236 1040 poris
247 970 347 1035 spatio,
371 967 438 1020 haec
448 971 563 1036 propior
575 969 631 1020 bibi
644 969 757 1020 omnino
770 985 826 1020 non
838 974 970 1035 poterat3

156 1041 205 1092 illa
215 1038 333 1090 inferior
344 1040 504 1105 corruptior
516 1039 571 1090 iarn
581 1039 735 1104 salsiorque
746 1039 948 1104 reperiebatur.

210 1109 271 1160 Vll.
291 1109 353 1172 Quo
365 1107 440 1160 facto
453 1107 629 1160 dubitatione
641 1107 761 1169 sublata,
771 1115 868 1159 tantus
880 1111 971 1159 inces-

157 1181 194 1231 sit
205 1179 298 1239 timor,
321 1185 352 1228 ut
364 1178 399 1228 ad
412 1185 567 1230 extremum
580 1193 673 1231 casnm
684 1177 801 1243 periculi
809 1185 907 1230 'omnes
919 1178 970 1229 de·

158 1249 234 1302 ducti
251 1249 426 1310 riderentur,
447 1254 531 1316 atque
548 1249 596 1300 alii
612 1249 717 1299 morari
729 1249 878 1300 Caesmern
894 1247 971 1298 diee-

155 1324 228 1382 rent,
241 1321 307 1386 quin
318 1334 403 1370 naves
412 1319 601 1371 conscendere
613 1313 730 1379 iuberet,
741 1317 791 1369 alii
802 1319 891 1368 multo
903 1331 970 1384 gra⁴

155 1389 219 1441 rius
237 1389 454 1441 extimescerent
470 1404 578 1454 casunr;
598 1390 671 1458 quod
682 1403 772 1455 neque
789 1389 875 1442 celari
885 1387 981 1438 Alex„

137 1461 140 1466 '
157 1458 268 1520 andrini
281 1465 398 1525 possent
406 1460 435 1511 in
447 1459 606 1525 adparando
618 1458 693 1528 fuga,
715 1473 800 1526 quum
810 1463 868 1510 tarn
880 1471 967 1524 parvo

97 1584 103 1596 ,
158 1530 250 1594 spatio
263 1529 399 1580 distarent
415 1530 450 1580 ab
464 1532 547 1596 ipsis;
565 1545 664 1598 neque,
684 1529 742 1580 illis
757 1527 966 1580 imminentibus

159 1603 244 1665 atquo
263 1599 492 1668 insequentibus,
513 1599 586 1650 ullus
597 1602 626 1651 in
638 1613 722 1650 naves
736 1605 869 1665 receptus
886 1598 967 1648 dare·

157 1673 216 1718 tur.
251 1669 321 1719 Erat
337 1674 431 1720 autem
444 1683 543 1736 magna
559 1669 709 1720 multitudo
722 1667 924 1734 oppidanorum
936 1668 966 1717 in
1053 1681 1058 1690 ’

156 1741 239 1802 parte
252 1737 395 1799 Caesaris,
417 1753 498 1805 quam
511 1738 659 1789 domiciliis
670 1739 793 1804 ipsorum
806 1752 861 1787 non
873 1751 966 1788 move·

157 1811 212 1866 rat,
224 1805 298 1871 quod
310 1821 344 1856 ea
355 1822 384 1858 se
397 1807 508 1858 fidelem
520 1807 613 1872 palam
623 1808 729 1858 nostris
741 1820 804 1856 esse
815 1804 968 1857 simulabat
1061 1835 1062 1838 =

158 1879 188 1924 et
198 1873 345 1926 descivisse
358 1876 443 1926 asnis
454 1876 615 1940 ridebatur3
627 1883 667 1938 ut,
678 1878 702 1928 si
714 1874 782 1926 mibi
794 1874 965 1926 defendendi

158 1949 254 1994 essent
265 1943 459 2007 Alexandrini,
480 1946 553 2012 quod
565 1962 655 2014 nequo
666 1945 780 1997 fallaces
791 1951 898 2009 essent,
916 1962 964 1996 ne·

157 2027 211 2078 qne
232 2016 388 2075 temerarii,
411 2016 499 2068 multa
521 2018 612 2067 oratio
632 2015 740 2068 frustra
760 2015 963 2068 absumeretur.

158 2083 250 2144 Quum
271 2099 337 2134 vero
353 2098 409 2134 uno
425 2091 552 2151 tempore
569 2093 598 2138 et
614 2089 691 2146 natio
711 2101 806 2138 eorum
824 2090 964 2137 ornatura

158 2161 359 2220 cognoscatur3
378 2156 553 2222 aptissimum
576 2171 638 2208 esse
657 2155 710 2208 boc
725 2171 814 2224 genus
826 2157 862 2209 sd
873 2155 963 2225 prodi-

158 2225 274 2286 tionem,
297 2240 379 2276 rremo
391 2225 519 2278 dubitare
530 2231 632 2292 potest.

210 2291 281 2346 Vlll.
310 2295 411 2347 Caesar
434 2312 548 2350 suorum
569 2298 699 2349 timorem
721 2298 912 2350 consolatione
934 2304 963 2351 et
1061 2341 1062 2344 η

149 2363 268 2418 ratione
280 2367 431 2422 minuebat.
467 2367 537 2418 Nam
548 2367 639 2434 puteis
655 2367 742 2440 fossis
753 2385 852 2436 nquam
862 2369 963 2420 dulcem

151 2446 232 2510 posse
247 2433 364 2501 reperiri
379 2436 555 2489 adfirmabat:
575 2437 663 2492 oannis
674 2437 742 2490 enim
757 2439 839 2491 litora
849 2446 962 2491 namra·

156 2501 222 2581 Ister
232 2517 249 2552 a
269 2519 319 2554 une
330 2504 415 2557 dulcis
430 2523 510 2560 cenas
521 2506 626 2559 babere.
664 2506 742 2572 Quod
751 2509 775 2562 rs'
786 2509 842 2562 alia
853 2518 921 2560 esset
932 2508 962 2560 li·

156 2575 225 2619 torar
262 2572 366 2650 egyptii
375 2583 484 2638 natura,
503 2585 584 2644 atque
595 2577 903 2648 omniumreliqoorunr;
921 2587 959 2630 ta·

155 2649 225 2698 arsen,
238 2654 364 2702 precntum
374 2659 448 2694 artare
459 2645 541 2698 libere
552 2655 683 2710 tennerit,
704 2665 787 2716 neque
799 2649 884 2701 bootes
896 2651 959 2700 clas·

155 2701 358 2772 rescinderent,
368 2712 510 2777 probibere·
519 2730 574 2770 sese
583 2733 637 2771 non
642 2733 730 2785 porse,
742 2734 793 2788 quo
803 2720 891 2774 minus
901 2735 960 2788 pao·

365 2813 372 2844 l
