2150 3124
351 115 502 236 {isne
535 181 595 238 ru·
836 181 874 240 aa
944 211 956 236 t

68 299 156 343 unet-
170 282 332 353 reipublicae
350 294 433 352 atque
444 285 606 356 imperatori
623 282 747 352 officiens,
753 287 878 356 precati·¹

68 364 130 408 tero.
177 356 240 408 lloc
260 371 343 425 quum
360 371 460 423 magna
473 372 540 408 voce
553 357 690 418 .dixirset,‚
714 371 749 409 ex
763 357 878 409 sarissa·

66 426 183 492 proiecit
197 431 282 494 atque
297 427 325 478 in
339 423 434 477 hostes
445 426 569 494 aquilam
578 425 654 478 ierne
665 427 763 492 coepit.
798 427 880 476 Tuos·

66 495 168 557 nostri,
188 492 326 549 cohortati
335 496 408 560 inter
415 510 447 547 se
453 531 461 558 ,
480 495 878 552 netantumuedeesraumm

64 571 186 624 teretur.
207 565 328 617 universi
343 579 380 618 οι,
391 566 455 616 nari
471 564 656 618 desiluerunt:
676 563 727 614 bos
742 565 810 615 item
821 561 871 614 alii

64 649 99 695 ex
113 634 249 701 proximis
260 633 374 685 navibus
384 649 469 702 quum
485 635 706 701 conspexissent,
730 633 882 686 subsecuti·

64 703 192 758 hostibus
203 703 471 770 adpropinquarunt.
605 743 610 750 Δ
681 741 683 747 -
871 753 873 757 .

116 772 222 826 xxvi.
253 773 410 840 Pugnatum
420 779 463 826 est
473 773 507 826 ab
518 774 641 842 utrisque
652 773 768 836 aeriter3
781 770 872 824 nostri

64 849 173 904 tamen,
193 841 267 910 quod
282 857 372 910 neque
387 843 499 896 ordines
508 859 638 908 serpere,
654 857 743 911 neque
754 843 872 894 firmiter

64 915 208 974 insistere,
226 927 316 979 nequo
325 913 542 980 signa-subsequi
554 919 695 980 poterant,
705 917 789 980 atque
798 911 871 964 alius

65 983 122 1041 alia
136 995 171 1036 ex
181 983 257 1044 uari,
273 981 489 1050 quibuscumque
498 985 587 1050 signis
595 989 768 1044 occurrerat,
782 995 812 1033 se
823 980 880 1033 arl-¹

64 1050 216 1120 gregabat,
226 1065 327 1118 magno
338 1065 422 1117 opere
433 1053 676 1118 perturbabantur.
711 1053 814 1104 Hostes
823 1067 871 1102 ra·

63 1136 110 1184 ro,
121 1122 196 1176 notis
207 1122 331 1173 omnibus
342 1119 427 1183 radis
438 1120 485 1173 ubi
496 1136 530 1173 ex
539 1121 622 1173 litore
632 1122 741 1188 aliquos
751 1120 872 1188 singule-

63 1206 111 1244 res
122 1204 158 1242 ex
168 1191 232 1242 uari
244 1189 416 1256 egredientes
427 1197 639 1257 conspexerant,
659 1192 781 1242 incitatis
793 1191 880 1256 equis-

62 1258 214 1327 impeditos
229 1259 439 1314 adoriebantur:
461 1259 555 1326 plures
569 1275 675 1328 paucos
688 1260 872 1312 circumdate

62 1331 147 1382 baut-a
167 1327 214 1388 alii
230 1329 264 1380 ab
280 1327 369 1382 latore
379 1333 475 1396 aperto
485 1330 514 1380 in
525 1331 669 1382 universos
677 1329 735 1380 tela
745 1329 873 1380 comicie·

62 1400 144 1454 bant.
178 1397 261 1460 Quod
277 1413 361 1465 quum
377 1399 498 1451 animum
508 1400 673 1451 advertisset
684 1399 797 1458 Caesar,
809 1411 873 1447 sca·

63 1467 136 1536 phas
145 1465 293 1534 longarum
302 1469 421 1532 navium,
430 1471 498 1521 item
509 1467 695 1535 speculatoria
703 1467 813 1533 navigia
822 1466 872 1516 mi·

63 1538 162 1591 litibus
177 1535 310 1602 compleri
319 1538 400 1591 iussit
410 1543 452 1602 et,
472 1552 542 1604 quos
552 1537 713 1588 laborantes
724 1547 873 1601 conspexe-

63 1614 125 1670 rat,
146 1607 180 1657 iis
190 1605 312 1658 subsidia
321 1607 509 1659 submittebat.
544 1603 872 1669 Nostri,simulinurido

64 1678 268 1738 constiterunt,
285 1676 341 1740 suis
352 1677 479 1730 omnibus
489 1677 660 1739 consecutis,
680 1679 708 1727 in
719 1673 813 1726 bostes
823 1675 872 1724 im·

63 1752 162 1814 petum
178 1743 397 1814 feceruntatque
408 1747 494 1798 cosin
504 1746 598 1815 fugam
610 1745 760 1810 dederunt3
781 1757 872 1818 neque

63 1817 178 1883 lengius
188 1815 317 1882 prosequi
327 1820 492 1882 potuerunt,
511 1816 585 1884 quod
595 1817 702 1884 equites
712 1829 819 1866 cursum
831 1819 871 1876 te-¹

64 1889 226 1952 recreatque
235 1884 355 1936 insulam
365 1899 464 1952 capere
475 1899 529 1936 non
539 1891 695 1952 potuerant.
712 1885 775 1938 Hoc
784 1899 870 1936 usum

65 1955 104 2008 ad
115 1955 261 2022 pristinam
270 1953 535 2010 fortunanscaesari
546 1954 642 2007 defuit.
732 1991 734 1996 .

98 2075 101 2080 .
120 2023 232 2081 xxvii.
268 2023 490 2093 Hostesproelio
500 2026 635 2092 superati,
654 2024 736 2076 simul
746 2029 829 2090 atque
839 2036 870 2074 se

66 2109 104 2148 ex
118 2093 186 2162 iuga
199 2099 380 2159 receperunt,
400 2095 496 2145 statim
509 2095 545 2146 ad
556 2095 700 2147 Caesarem
717 2095 825 2160 legatos
836 2091 871 2142 ds

66 2178 134 2232 pace
145 2164 293 2222 miserunt:
309 2163 419 2216 obsides
429 2163 553 2227 daturos,
563 2179 689 2232 quaeque
700 2165 871 2229 imperasset,

65 2249 131 2288 sese
150 2231 287 2294 susurros,
307 2233 425 2299 polliciti
445 2237 518 2284 suut.
554 2233 614 2302 lina
633 2249 695 2284 cum
715 2230 757 2282 his
771 2229 871 2296 legatis

66 2303 207 2356 Commius
221 2302 336 2360 Atrebas
355 2303 444 2365 venit,
468 2317 551 2369 quem
566 2317 651 2368 supra
666 2301 871 2352 demonstrare·

65 2387 128 2426 ram
153 2386 171 2421 a
185 2372 303 2432 Caesare
322 2373 352 2422 iu
366 2371 540 2429 Britanniam
560 2371 751 2437 praemissum.
787 2367 871 2420 Hune

65 2441 109 2493 illi
120 2455 140 2494 ¹e
154 2440 216 2490 nari
226 2455 381 2508 egressu-m,
401 2456 484 2508 quum
493 2439 529 2492 ad
540 2455 587 2491 eos
599 2440 719 2491 oratoris
729 2437 811 2489 modo
822 2439 871 2492 iul·

64 2510 205 2578 peratoriis
214 2510 346 2564 nnandata
355 2509 501 2576 perferret,
510 2507 775 2575 comprehenderant
786 2513 870 2574 atque

63 2583 95 2632 in
105 2579 216 2632 vincula
226 2581 415 2640 coniecerant:
435 2585 512 2642 tum,
530 2578 637 2645 proelio
648 2579 737 2642 facto,
757 2577 869 2628 remise·

64 2654 134 2705 runt
149 2655 178 2705 et
190 2649 219 2699 in
233 2648 354 2714 peteuda
363 2663 429 2714 pace
440 2651 499 2702 eius
509 2649 548 2703 rei
559 2649 666 2716 culpam
677 2651 705 2699 is
715 2647 868 2699 multitudi-

63 2734 131 2772 nem
146 2717 325 2773 contulerunt
335 2725 381 2783 et,
398 2723 513 2788 propter
526 2718 741 2840 imprrssdgntiam
751 2725 783 2768 nt
792 2718 867 2785 iguo·
