2150 3124
344 179 513 234 'Llllllll
538 180 598 234 ΙΙΙ,
843 183 876 236 ΙΙΙ

123 283 214 338 XXV.
249 284 291 336 lbi
301 297 385 352 quum
395 283 442 334 ulii
454 283 543 338 tonsu
553 284 739 353 complerent,
752 285 800 338 alii
811 287 879 340 rnul-

70 358 108 409 tis
127 355 195 407 tetis
214 356 346 408 coniectis
361 353 523 406 defensores
536 355 612 406 rallo
626 357 879 426 munitionibusque

71 425 264 493 depellerent,
283 422 501 492 auxiliaresque,
522 426 620 494 quibus
639 426 675 478 ad
689 441 809 492 pugnant
825 443 879 478 non

70 496 194 549 multum
208 495 324 546 Crassm
343 494 513 558 conlidebet,
533 495 670 561 lapidibus
685 495 804 564 telisque
819 497 880 548 snb·

69 565 264 618 ministrandis
279 570 308 616 et
321 563 357 615 ad
367 579 497 631 aggerem
508 565 655 629 cespitibus
666 567 881 632 comportondie,

70 635 194 703 speciem
219 641 303 702 atque
328 635 484 700 opinionem
505 638 686 702 pugnantium
707 637 881 701 praeberent,

70 721 158 774 quum
173 707 240 756 item
255 705 290 756 ab
306 702 432 756 hostibus
446 711 608 756 constanter
620 719 654 756 ac
664 719 721 756 non
730 707 825 758 timide
835 721 881 774 pu·

70 780 221 843 giraretur,
240 775 351 841 teloque
375 789 410 824 ex
424 773 487 826 loco
500 775 645 840 superiore
659 776 745 828 unisse
759 791 815 826 non
826 775 881 828 sru-

71 853 134 895 strs
147 844 318 896 assiderent:
338 845 459 910 equites,
474 845 626 896 circumitis
643 842 763 896 hostium
774 847 882 907 castris,

62 916 176 966 -Crasso
186 916 435 975 renunciaverunt,
446 929 500 964 non
512 915 609 966 eadem
621 929 682 968 esse
692 915 838 984 diligentia
847 915 882 968 ab
959 923 963 932 ‘

63 985 230 1104 qecumeua
248 989 330 1048 porta
349 985 572 1048 eostromunits,
591 982 758 1054 facilemque
775 985 881 1040 wluin

93 1054 189 1105 obera.
741 1067 744 1073 ·

126 1122 230 1176 xxvl.
266 1122 396 1183 crassus,
410 1123 532 1190 equiturn
544 1122 700 1190 praelector
711 1121 883 1188 cohortatus,

73 1198 105 1244 ut
117 1193 228 1259 magnis
241 1193 370 1257 praemiis
387 1191 688 1261 pollicitationibusque
701 1209 767 1247 suos
782 1198 885 1256 excita

63 1269 152 1324 -reat,
170 1262 239 1330 quid
249 1262 309 1312 lieri
319 1261 399 1323 velit,
414 1263 544 1314 ostendit.
580 1263 639 1326 llll,
654 1271 687 1316 ut
697 1271 756 1316 erut
766 1266 882 1332 imperu-

73 1339 153 1396 tum,
166 1331 274 1385 eductis
285 1337 405 1399 quatuor
414 1329 588 1393 cohortibus,
598 1347 685 1400 quae,
694 1333 832 1400 praesidio
843 1347 886 1386 ou·

73 1404 141 1453 stris
157 1401 287 1464 relictoe,
312 1401 426 1453 intritus
440 1402 477 1452 ab
490 1401 587 1454 labore
601 1408 697 1465 erunt,
717 1409 745 1456 et
759 1403 886 1470 longiore

73 1473 180 1524 itinere
192 1469 398 1532 circumductis,
418 1486 452 1522 ne
467 1485 501 1524 eu
517 1471 637 1522 hostium
655 1473 757 1522 eastris
765 1471 885 1536 conspici

75 1547 205 1609 possent,
224 1541 347 1592 omniurn
362 1539 450 1594 oculis
465 1542 660 1608 mentibusque
671 1541 706 1592 ad
716 1555 835 1610 pugnam
847 1541 885 1592 in·

75 1613 176 1673 tentis,
195 1611 327 1680 celeriter
341 1609 377 1662 ad
397 1625 459 1673 eas,
478 1625 547 1678 quas
566 1609 698 1673 diximus,
718 1611 886 1662 munitiones

77 1686 282 1748 pervenerunt,
309 1686 409 1747 atque,
436 1678 478 1730 his
498 1681 635 1746 prorutis,
657 1682 734 1746 prius
753 1681 780 1730 in
802 1678 886 1733 hosti-

76 1767 125 1802 um
143 1753 244 1802 castris
261 1752 462 1812 conditurum,
481 1763 566 1818 quent
586 1749 667 1817 plano
689 1751 723 1804 ub
743 1749 776 1802 iis
790 1749 886 1813 rideri,

75 1826 139 1882 aut,
155 1820 222 1889 quid
232 1821 272 1872 rei
283 1825 440 1886 gereretur,
449 1821 578 1888 cognosci
590 1824 692 1886 posset
728 1821 886 1883 'l'unrverm

75 1891 200 1943 elamore
207 1887 245 1942 ‘ab
256 1905 290 1942 es
301 1895 379 1956 perte
389 1889 502 1950 audito,
516 1891 604 1942 nostri
615 1889 812 1957 redintegratis
821 1891 885 1942 riri·

74 1958 143 2022 bus,
161 1960 236 2027 quod
256 1959 416 2026 plerumque
430 1960 461 2010 iu
477 1974 526 2026 spe
540 1960 673 2012 victoriae
687 1959 813 2012 occidere
823 1975 884 2012 oon·

74 2023 623 2096 suerit,acriusinspugnerecoepeuunt.
647 2029 752 2083 Hostes
763 2029 884 2098 undique

76 2100 272 2161 circumventi,
287 2098 442 2164 desperatis
453 2100 579 2150 omnibus
590 2097 725 2162 rebus,.sc
736 2113 786 2166 per
796 2099 884 2150 muni·

75 2171 169 2220 tiones
189 2169 313 2220 deiicere
329 2174 358 2220 et
371 2167 438 2235 luga
451 2167 571 2220 salutern
586 2172 685 2236 petere
695 2167 883 2222 intenderunt.

74 2241 154 2302 Quos
169 2240 308 2306 equitatus
322 2237 503 2306 apertissimis
517 2239 625 2304 campis·
637 2241 830 2300 corisoctutus,
849 2251 881 2290 es

75 2309 184 2360 milium
196 2309 605 2376 quinquagintunummo,quae
617 2307 804 2375 sxhqoitania
814 2306 882 2358 Cen-

74 2379 222 2446 tobrisque
231 2379 398 2430 conuenisse·
409 2378 569 2440 constabat,
587 2378 632 2427 vix
642 2381 829 2444 quartu-parto
841 2391 878 2430 re·-

74 2449 159 2509 licts,
170 2447 262 2500 nrulta
270 2453 390 2500 nocteso
400 2449 427 2498 in
440 2453 532 2500 cestro
541 2448 654 2512 recepit.

127 2517 242 2570 xxvu.
279 2517 345 2570 Hoc·
357 2517 454 2570 audite
467 2531 576 2584 pugno,
592 2516 714 2567 maxime
727 2527 792 2580 pars
802 2514 883 2581 tque

74 2590 170 2642 laniae
186 2603 247 2640 scse
257 2587 361 2640 cremo
376 2586 503 2648 dedidit,-
518 2586 681 2653 obsidesque
701 2584 775 2636 ultro
796 2584 882 2636 trinita

75 2675 130 2728 quo
142 2659 169 2708 in
180 2671 299 2710 numere
306 2656 419 2710 luerunt
428 2655 770 2722 Tarbelliffliqcrriones,
776 2651 882 2705 Precia-

75 2731 118 2794 ni,
137 2729 273 2790 Vocotcs,
293 2728 458 2802 'larusates,
478 2726 637 2842 ls‘lusutes,F
647 2723 770 2843 quirites,
790 2723 880 2778 Ausci.
