2150 3124
170 161 207 216 04
362 159 417 212 DE
437 160 578 217 suono
598 161 789 216 cronico.

171 277 243 338 quae
259 263 399 329 ferebant,-
414 278 518 328 onera,
538 265 631 318 subito
642 266 846 334 duabusportis
856 267 977 336 eruptio-
1054 251 1055 266 ¹

169 353 234 390 nem
249 337 310 387 lieri
323 335 406 387 iubet
443 334 559 388 Factum
571 343 614 388 est
623 335 829 404 opportunitate
840 337 908 400 loci,
928 335 979 389 ho·

170 408 255 462 stium
276 407 420 458 inscientia
438 404 707 473 tec-defatigatione,
726 408 829 460 virtute
842 407 978 470 militum,

169 477 344 544 superiorum
355 490 509 543 pugnarum
520 476 728 540 exercitatione,
738 482 815 528 utne
825 491 910 528 unum
921 477 980 546 qui·

170 547 234 600 dem
248 550 409 600 nostrorum
423 547 556 613 impetum
567 544 674 598 ferrent
680 561 716 598 -ac
726 547 819 598 statim
830 551 911 614 terga
920 561 979 598 ver·

169 622 271 672 terent.
307 615 383 678 Quos
403 613 550 683 impeditos
564 616 680 684 integris
694 617 798 668 viribus
812 616 917 670 milites
932 629 981 668 no·

171 688 223 738 stri
234 687 387 748 consecuti,
403 699 532 752 maguum
542 701 687 739 numerum
698 699 794 737 eorum
806 684 980 747 occiderunt;
1055 743 1056 752 ἵ

169 755 295 823 reliquos
308 756 417 822 equites
431 757 596 817 consectati,
611 754 979 824 paucos,q11iexfogaeva-
1005 773 1007 777 ·
1055 779 1056 788 κ

164 831 279 888 seram,
298 824 481 891 reliquerunt.
516 823 562 876 Sic
580 839 637 876 uno
652 831 778 891 tempore
793 829 822 878 et
838 826 872 878 dc
887 823 979 876 narmi

169 909 265 963 pugno
279 892 411 955 Sabinus,
432 898 460 946 et
476 893 510 945 de
521 891 617 944 Sabini
629 896 748 946 uictoria
759 895 862 947 Caesar
877 895 980 947 certior

168 965 275 1026 lactus,
289 963 470 1030 civitatesque
488 977 584 1014 omnes
599 978 629 1016 se
644 965 738 1025 statim
750 965 860 1015 Titurio
870 963 980 1015 dedide-

168 1037 243 1085 runt.
279 1030 366 1094 Nam,
385 1035 417 1082 ut
432 1031 467 1082 ad
480 1030 556 1083 bellu
571 1033 746 1099 suscipienda
762 1032 907 1085 Gallorum
923 1032 981 1084 ala⁴

169 1114 217 1156 cer
227 1115 259 1153 ac
269 1107 395 1166 promtus
405 1105 448 1152 est
457 1102 578 1165 animus,
593 1103 633 1154 sie
644 1101 737 1153 mollis
747 1117 780 1154 ac
790 1102 903 1154 minime
912 1102 980 1154 resi·

73 1201 77 1212 ,
169 1176 247 1226 utens
258 1169 294 1224 ad
305 1169 479 1222 calamitates
489 1169 670 1238 perferendas
680 1187 758 1224 mens
768 1185 864 1224 eorum
875 1175 926 1222 est.

221 1239 283 1293 xx.
319 1240 426 1292 Eodem
441 1238 502 1292 iere
516 1246 641 1308 tempore
656 1241 687 1293 P.
702 1231 832 1304 Crustas,
852 1255 936 1309 quum
950 1242 980 1291 in

167 1310 347 1380 Aquitaniam
363 1311 545 1377 pervenisset,
566 1327 637 1378 quae
653 1325 730 1378 pars,
749 1316 781 1364 ut
795 1316 860 1363 ante
875 1309 979 1363 dictum

170 1387 227 1445 est,
242 1386 271 1433 et
280 1381 423 1448 regionum
435 1379 592 1444 latitudine,
603 1386 632 1433 ot
642 1381 818 1433 multitudine
829 1379 979 1432 hominum.

170 1463 206 1504 ex
216 1452 300 1502 tertia
309 1455 390 1516 purte
401 1449 511 1502 Galliae
522 1457 564 1502 est
575 1451 761 1514 aestimanda,
776 1466 860 1518 quum
871 1449 981 1502 intelle·

170 1526 264 1589 geret,
281 1521 311 1570 in
326 1518 369 1572 his
384 1519 451 1570 locis
465 1519 631 1572 sibibellum
642 1521 807 1588 gerendum,
827 1522 873 1574 ubi
885 1520 980 1587 paucis

171 1597 238 1642 ante
249 1591 327 1642 annis
340 1589 372 1640 L.
382 1589 515 1642 Valerius
524 1589 719 1653 Praeconinus,
731 1589 848 1657 legatus,
855 1590 979 1641 exercitu

169 1661 259 1728 pulso,
268 1657 434 1711 interiectus
446 1664 532 1722 esset,
544 1665 626 1726 atque
637 1661 710 1711 unde
720 1660 752 1712 L.
764 1660 905 1721 Mauritius,
916 1672 980 1726 pro·

170 1728 281 1790 consul,
304 1727 511 1794 impedimentis
525 1731 633 1784 amissis
652 1729 836 1797 profugisset,
855 1743 910 1780 non
924 1743 980 1780 me·

171 1799 295 1852 dicerem
318 1798 372 1848 sibi
396 1797 567 1864 diligentiam
588 1797 772 1850 admiseadam
790 1798 980 1866 intellegebat.

168 1869 267 1936 ltaque
282 1881 313 1918 re
328 1865 513 1918 frumentaria
527 1870 651 1933 provise,
672 1869 783 1920 auxiliis
797 1870 980 1937 equitatuque

169 1939 343 2004 comparato,
363 1935 458 1986 multis
478 1941 624 2002 praeterea
643 1939 708 1989 viris
728 1937 848 1990 fortibus
866 1937 980 1999 Tolosa,

168 2008 326 2058 Carcasone
346 2010 374 2058 et
389 2003 534 2069 Narbone,
553 2021 624 2074 quae
643 2013 709 2058 sust
729 2006 979 2061 ciuitatesGalliae

168 2076 341 2144 provinciae,
357 2075 492 2128 finitimae
503 2075 546 2128 liis
556 2078 729 2144 regionibus,
743 2079 906 2129 nominatim
917 2089 979 2128 evo·

169 2147 291 2210 catis,in
301 2144 441 2199 sociatum
451 2146 521 2198 lines
530 2148 683 2200 exercitum
693 2147 856 2198 introduxit
893 2147 978 2198 cuius

166 2216 290 2270 adremu
299 2216 421 2283 cognito,
434 2213 565 2280 Sotiates,
575 2219 681 2284 maguis
687 2217 777 2283 copiis
789 2215 892 2268 coactis
901 2215 979 2283 equi·

168 2287 297 2354 tutoque,
317 2300 372 2355 quo
392 2284 542 2351 plurimum
558 2286 703 2348 volebant,
722 2288 751 2336 in
765 2287 976 2354 itinere-agmen

167 2362 294 2408 nostrum
306 2355 407 2418 adorti,
418 2356 537 2422 primum
545 2362 676 2424 equestre
687 2355 822 2424 proelium
835 2356 978 2408 commise-

168 2431 245 2478 runt:
257 2425 368 2487 deiude,
385 2421 510 2493 equitatu
520 2441 571 2477 suo
583 2425 662 2494 pulso
672 2432 755 2494 atque
765 2416 974 2494 insequenflbus

168 2497 285 2557 nostris,
302 2496 394 2547 subito
411 2495 547 2560 pedestris
561 2497 670 2564 copias,
689 2507 756 2564 quos
771 2497 798 2547 iu
810 2495 984 2548 convallein'

166 2563 274 2616 insidiis
284 2563 500 2628 collocaverant,
512 2566 702 2618 ostenderunt.
737 2565 790 2630 lli,
801 2571 911 2618 nostros
922 2563 975 2616 dis·

165 2631 254 2686 iectus
265 2631 367 2695 adorti,
378 2634 513 2700 proelium
524 2641 702 2687 renovarunt.

218 2697 292 2754 xxi.
327 2702 485 2770 Pugnatum
495 2703 814 2774 estdiuatqueacriter,
830 2715 914 2774 quum
924 2697 974 2756 So.
