2152 3132
169 97 219 186 ruo
358 132 414 187 ou
431 131 576 186 uuuuo
596 133 782 188 esuurco

167 253 222 311 que
232 239 261 290 in
271 237 377 290 tumulo
393 237 514 306 quodam
530 239 688 302 collocatis,
716 237 844 303 Habetis,
870 242 981 309 inquit,
1054 261 1055 284 ³

166 306 377 376 militem-quum
384 307 506 375 petistis,
524 309 707 380 facultatem.-
724 307 832 361 'hostem
842 308 980 378 impedito

167 388 249 448 utque
259 378 351 446 inipuo
363 379 419 430 loco
430 378 542 431 tenetis:
561 387 704 447 praestate
714 379 830 432 eunudem
840 378 915 436 nodis,
927 381 982 449 ‹Iu-1
1054 433 1055 436 ,

166 448 242 502 cidus
252 447 389 512 virtutem,
400 464 481 517 quom
490 465 678 517 saepenumero
688 447 979 516 imperatoripruesti·
1054 463 1055 468 ’

166 518 256 571 tietdo.-
279 517 370 572 adesse
380 534 440 570 eum
450 527 477 570 et
487 517 654 573 scaccorum
664 535 772 572 cernere
778 527 789 582 ,'
810 518 981 571 existimate.
1054 519 1055 522 ’

167 587 258 642 Simul
267 583 393 656 signaad
402 586 513 651 hostem
523 591 647 642 converti
658 590 800 656 aciemque
806 589 889 654 dirigi
895 591 982 642 iubet
1054 605 1055 610 ¹

169 665 213 722 ct,
242 659 339 726 paucis
352 659 452 710 turmis
482 659 602 712 raesidio
619 659 654 712 ad
667 659 869 726 impedimenta
880 658 980 710 dinris·

168 731 222 792 sis,
252 729 374 796 reliquos
391 674 502 796 equidm
520 729 555 782 ad
565 730 656 782 latera
666 729 798 796 disponit.
835 729 984 793 Celeriter¹
1054 773 1055 788 ,

168 798 262 850 nostri
273 797 394 850 clamore
404 798 514 851 sublato
525 799 584 867 pila
594 801 623 850 in
634 798 729 851 hostes
740 799 902 850 immittunt.
924 799 980 862 illi,
1054 791 1055 850 i

168 868 218 921 ubi
228 873 345 935 praeter
354 883 445 934 spem,
475 885 545 936 quos
561 867 660 937 fugere
670 868 837 931 credebant,
865 867 979 920 infestis
1054 867 1055 898 ³

169 939 260 1005 signis
271 936 306 986 ud
320 951 350 988 se
360 938 403 989 irc
413 937 559 1001 viderunt,
590 940 726 1006 impetum
736 937 820 990 modo
831 937 907 990 serre
918 951 979 989 non

169 1011 325 1076 potuerunt
340 1021 387 1069 ac,
411 1009 502 1074 primo
522 1022 659 1078 concursu
679 1009 708 1058 in
728 1006 824 1075 fugam
845 1009 980 1072 coniecti,

170 1076 313 1144 proximas
324 1075 408 1127 silvas
422 1078 580 1143 petierunt:
612 1093 681 1146 quos
690 1077 832 1129 Rabienus
848 1077 979 1145 equitatu

170 1149 360 1209 consectatus,
370 1159 473 1214 magno
484 1161 600 1200 numero
610 1146 772 1210 interiecto,
788 1147 979 1214 compluribus

171 1217 276 1282 captis,
303 1216 398 1282 paucis
414 1221 479 1284 post
490 1216 746 1269 diebus'ciuitatem
761 1219 881 1284 recepit:
911 1232 978 1268 uam

172 1283 321 1348 Germani,
340 1287 386 1354 qui
401 1286 506 1338 auxilio
517 1287 682 1350 veniebant,
702 1288 982 1353 perceptaTreviro:

170 1371 233 1408 rum
243 1354 326 1423 fuga,
355 1371 418 1407 sese
434 1355 546 1408 domum
562 1356 752 1409 contulerunt.
790 1357 858 1408 Cum
868 1357 904 1408 iis
915 1372 979 1423 pro·

171 1426 269 1496 pinqui
279 1425 472 1488 Indutiomari,
484 1428 531 1494 qui
541 1425 710 1478 defectionis
717 1431 847 1479 auctores
853 1425 976 1488 fuerant,

171 1495 300 1548 comitati
321 1509 382 1560 eos,
413 1511 449 1547 ex
468 1497 581 1548 civitate
602 1511 757 1549 excessero.
793 1497 977 1563 Cingetorigi,

172 1580 256 1633 quem
271 1565 306 1618 ab
321 1565 404 1616 initio
420 1568 605 1634 permansisse
620 1570 649 1618 in
665 1565 756 1619 officio
776 1564 977 1617 demonstravi·

171 1650 244 1699 mus,
263 1634 435 1702 principatus
446 1641 530 1704 atque
540 1638 688 1704 imperium
700 1641 743 1687 est
752 1634 896 1686 traditum.

223 1703 271 1756 lX.
293 1705 411 1768 Caesar,
439 1712 586 1774 postquam
602 1722 637 1758 ex
646 1705 788 1771 Menapiis¹
799 1705 828 1754 in
839 1705 974 1756 Treviros

170 1775 258 1836 venit,
270 1773 377 1826 duabus
388 1775 422 1826 de
431 1778 536 1826 caussis
545 1774 671 1828 Rhenum
681 1775 803 1826 transire
814 1775 972 1825 constituit:

172 1859 290 1911 quarum
302 1849 364 1894 erat
374 1844 478 1909 altera,
499 1845 573 1912 quood
584 1845 690 1896 auxilia
700 1848 800 1894 contra
809 1857 840 1894 se
851 1844 973 1894 Treuiris

170 1913 321 1977 miserant,
345 1913 450 1977 altera,
470 1931 505 1966 ne
515 1914 703 1968 Ambiorixad
715 1929 763 1966 cos
774 1919 916 1979 receptum
927 1911 973 1964 ha·
1054 1935 1055 1940 ¹

170 1983 261 2046 beret
300 1983 354 2036 His
369 1985 531 2046 constitutis
545 1985 642 2048 rebus,
669 1983 794 2106 paullum
810 1997 896 2049 supra
911 1997 972 2034 cum

170 2053 272 2116 locum,
283 2069 337 2121 quo
347 2060 413 2106 ante
424 2057 578 2108 exercitum
588 2062 667 2106 trans
687 2057 794 2115 uxerat,
805 2051 900 2104 facere
909 2067 973 2118 pon·

171 2128 230 2174 tem
239 2123 370 2174 instituit.
406 2124 482 2177 -tha
492 2130 576 2191 atquc
586 2125 719 2176 instituta
729 2124 854 2186 ratione,
874 2137 973 2190 magno
1024 2153 1025 2156 =

172 2194 292 2244 miiitum
303 2193 405 2257 studio,
423 2195 518 2262 paucis
528 2195 625 2247 dicbus
637 2203 708 2261 opus¹
717 2195 844 2247 efficitur.
880 2193 972 2255 Firmo

172 2263 202 2312 in
213 2263 337 2315 Treviris
348 2264 485 2330 praesidio
502 2264 538 2316 ad
548 2270 661 2330 pontem
677 2264 791 2326 relicto,
822 2264 928 2330 nequis
940 2263 972 2316 ab
1054 2313 1055 2334 ,

172 2333 208 2383 iis
219 2333 312 2386 subito
323 2338 417 2386 motus
427 2333 559 2398 oriretur,
575 2334 698 2402 reliquas
708 2335 799 2400 copias
810 2335 973 2402 equitatum·

175 2417 230 2470 que
242 2403 406 2457 transducit.
443 2404 516 2466 Ubii,
536 2406 661 2472 quiante
671 2403 781 2457 obsides
792 2403 974 2456 dedcrantat·

175 2487 229 2542 que
239 2474 267 2524 in
278 2473 448 2526 deditionem
459 2480 609 2536 venerant,
630 2473 769 2543 purgandi
780 2475 822 2524 sui
834 2486 930 2524 caussa
939 2472 972 2524 ad

175 2553 238 2592 euru
248 2541 357 2609 legatos
366 2545 490 2604 mittunt,
511 2545 556 2610 qui
569 2542 696 2605 doceant,
716 2557 799 2608 sueque
809 2559 843 2594 ex
853 2557 901 2592 sua
912 2539 969 2592 eivi-

174 2617 233 2660 tute
243 2610 348 2662 cicuitio
358 2609 387 2663 in
401 2610 527 2664 Treuiros
537 2611 618 2664 nn'm
624 2649 633 2675 ,
663 2629 747 2680 neque
757 2611 790 2663 ab
800 2611 914 2680 sefidem
922 2611 971 2660 Iac-

173 2692 246 2730 sam:
257 2684 365 2748 ·petunt
374 2687 460 2749 utque
470 2687 561 2746 orant,
575 2689 607 2734 ut
616 2680 669 2735 sios·
675 2689 788 2751 parcat,
803 2697 835 2735 ne
844 2677 970 2734 comosum·
