2168 3134
385 195 537 251 LIBER
564 196 633 251 Vll.
864 197 916 251 16⁷

102 297 361 354 nuncculidebant.
397 299 520 364 Placuit,
546 303 587 354 uti
599 302 742 353 bituricus
752 301 847 354 decem
858 302 915 354 illis

103 371 236 432 milibus,
260 384 331 436 quae
342 372 456 422 Caesari
466 371 501 422 ad
512 373 613 424 bellum
624 372 817 434 mitterentur,
837 386 916 438 prae·

104 439 244 492 liceretur
255 445 340 507 atquc
351 455 385 491 ca
395 440 522 492 ducenda
531 448 657 504 curaret,
684 441 842 508 fratresque
853 443 914 493 eius

102 509 303 560 adCaesarem
316 516 539 577 praecurrerent.
574 511 706 578 Reliqua,
735 527 792 578 qua
801 511 913 562 ratione

105 580 157 646 agi
168 578 285 644 placeat,
305 581 488 630 constituunt.
543 636 546 640 ,

163 647 315 700 XXXVlll.
344 648 501 712 Litavicus,
532 655 649 716 acceptu
666 649 804 713 exercitu,
831 665 917 717 quum

101 716 191 768 milia
206 731 338 782 passuum
356 717 470 769 circiter
485 719 565 770 XXX
581 721 616 770 ab
633 718 774 787 Gergouia
794 721 916 781 abesset,

103 787 274 838 ‚convocatis
285 787 380 838 subito
391 788 536 851 militibus,
557 789 716 851 lacrimans,
740 787 799 852 Quo
806 788 917 858 profici·

108 855 219 916 scimur,
240 855 341 922 inquit,
361 856 479 908 milites?
500 855 593 910 Omnis
604 867 695 910 noster
706 858 851 923 equitatus,
863 874 917 909 om·

108 924 153 978 nis
164 924 290 977 nobilitas
301 923 423 977 interiit:
445 926 584 995 priucipes
594 927 728 990 ciuitatis,
749 922 924 994 Eporectrin'

109 1004 138 1046 et
154 991 345 1058 Virdumorus,
374 994 526 1048 insimulati
537 997 713 1064 proditionis,
741 999 775 1050 ui
786 996 917 1050 Romanis

108 1063 215 1117 indicto
226 1064 472 1136 coussointerfecti
482 1077 553 1119 sunt.
576 1067 653 1120 Haec
663 1067 697 1119 ub
708 1066 743 1119 iis
753 1068 917 1137 cognoscite,

110 1133 159 1199 qui
170 1151 203 1186 ex
214 1133 273 1199 ipso
284 1134 523 1206 caedesugerunt:
539 1153 603 1190 num
613 1154 673 1206 ego,
683 1137 825 1208 frutribus
835 1147 917 1205 utque

106 1203 231 1256 omnibus
242 1204 306 1255 meis
313 1203 473 1270 propinquis
483 1205 648 1280 interfectis,
664 1208 753 1258 dolore
760 1207 917 1274 prohibeor,

110 1282 267 1342 quaegesta
278 1283 349 1336 sunt,
361 1275 553 1341 pronunciare.
590 1277 785 1328 Producuntur
796 1277 827 1338 ii,
843 1291 916 1343 quos

110 1343 161 1394 illc
173 1343 335 1405 edocuerat,
358 1359 428 1412 quae
440 1345 495 1396 dici
506 1345 600 1408 vellet,
621 1351 706 1412 atque
719 1343 824 1407 eudem,
843 1360 916 1412 quae

110 1412 257 1464 Litavicus
279 1414 528 1479 pronunciaverat,
560 1414 736 1466 multitudini
758 1413 916 1481 exponunt:

112 1498 200 1534 omnes
218 1482 319 1550 equitet
334 1481 486 1536 Aeduorum
502 1484 676 1555 interfector,
707 1483 777 1551 quod
791 1481 918 1534 collocuti

111 1567 172 1604 cuno
182 1549 313 1604 Arvernis
325 1551 478 1606 dicerentur
484 1570 495 1614 ,·
515 1555 586 1621 ipsos
597 1569 624 1604 se
634 1556 707 1605 irater
718 1551 917 1605 multitudinem

110 1621 228 1673 militum
243 1623 390 1674 occultasse
407 1633 488 1691 utque
504 1641 538 1676 ex
552 1622 640 1676 acedia
656 1622 735 1674 caede
747 1621 916 1694 profugisse.

117 1691 301 1742 Conclamant
316 1693 406 1744 Aedui
421 1699 449 1744 et
460 1692 628 1755 Litavicum,
659 1698 692 1742 ut
705 1692 760 1744 sibi
778 1693 917 1756 consulat,

112 1762 269 1813 obsecrant.
308 1759 392 1825 Quasi
407 1779 481 1825 oero,
501 1765 596 1833 inquit
607 1763 669 1824 ille,
690 1761 796 1816 consilii
811 1761 849 1814 sit
864 1777 917 1825 res,

111 1847 146 1884 oc
156 1847 208 1884 non
218 1847 321 1886 necesse
332 1830 369 1883 sit
378 1832 454 1884 nobis
468 1833 631 1902 Gergouiam
641 1832 801 1886 contendere
817 1841 845 1884 et
855 1848 917 1884 crum

111 1899 242 1954 Aroerns's
252 1911 355 1954 nosmet
364 1902 536 1970 coniungere.
559 1902 602 1956 An
614 1902 775 1967 dubitamus,
786 1901 861 1972 quin,
871 1919 918 1955 ne·

106 1971 187 2043 furio
192 1970 321 2043 facinore
331 1972 453 2035 admisso,
464 1971 580 2026 Romani
589 1974 645 2025 iam
655 1973 692 2024 od
700 1971 919 2042 norinterflcien·

112 2041 158 2092 dos
169 2042 350 2095 concurrunt?
380 2042 511 2107 Proinde,
537 2042 638 2109 siquid
646 2043 726 2096 estin
736 2043 811 2096 nolis
822 2041 917 2104 onirrti,

107 2125 301 2177 persequamur
312 2128 402 2164 eorum
413 2122 533 2176 mortem,
554 2113 601 2182 qui
610 2111 795 2180 indignissime
806 2111 918 2164 interie-

111 2189 193 2245 runt,
214 2189 296 2247 atque
306 2180 352 2233 loos
363 2182 481 2236 latrones
492 2182 696 2252 interficiamur.
733 2181 865 2234 Ostendit
877 2180 915 2230 ci·

111 2251 322 2313 scailmannus,
354 2252 402 2318 qui
419 2254 479 2304 eius
497 2252 633 2318 praesidii
646 2250 747 2302 fiducia
757 2265 814 2302 una
825 2255 915 2300 erant·

113 2321 252 2372 continuo
269 2336 397 2388 magnum
415 2336 561 2372 numerum
579 2321 715 2373 frumenti
731 2324 916 2371 commeatus·

112 2405 166 2456 que
178 2390 288 2457 diripit,
318 2391 393 2458 ipsos
405 2390 560 2443 crudeliter
572 2389 748 2442 excruciatos
764 2387 916 2440 interficite

112 2460 229 2513 nuncios
249 2467 312 2513 tota
333 2460 446 2512 civitate
466 2461 626 2512 Aeduorum
648 2457 780 2520 dinnttit,
812 2458 915 2508 eodem.

111 2528 256 2583 mendacio
268 2532 303 2582 da
314 2531 399 2582 caede
410 2529 535 2597 equitum
547 2535 576 2581 et
585 2527 740 2595 principum
753 2531 912 2594 permovet:

110 2596 253 2663 hortatur,
274 2608 306 2652 ut
319 2598 528 2663 sirnilirotione‚
550 2608 632 2665 utque
648 2595 827 2671 ipsefecerit,
849 2609 914 2648 snus

108 2667 227 2724 iniurius
234 2679 442 2736 persequuntur.

160 2739 289 2794 XXXlX.
307 2739 611 2812 Eporedirierduus,
635 2737 816 2792 summoloco
827 2739 912 2790 uatus
