<?xml version="1.0" encoding="UTF-8"?>
<!DOCTYPE html PUBLIC "-//W3C//DTD XHTML 1.0 Transitional//EN"
    "http://www.w3.org/TR/xhtml1/DTD/xhtml1-transitional.dtd">
<html xmlns="http://www.w3.org/1999/xhtml" xml:lang="en" lang="en">
 <head>
  <title>
</title>
<meta http-equiv="Content-Type" content="text/html;charset=utf-8" />
  <meta name='ocr-system' content='tesseract 3.04.00' />
  <meta name='ocr-capabilities' content='ocr_page ocr_carea ocr_par ocr_line ocrx_word'/>
</head>
<body>
  <div class='ocr_page' id='page_1' title='image "./cjuliicaesarisc05caesgoog_0060.png"; bbox 0 0 2150 3124; ppageno 0'>
   <div class='ocr_carea' id='block_1_1' title="bbox 153 146 1062 364">
    <p class='ocr_par' dir='ltr' id='par_1_1' title="bbox 153 146 1062 364">
     <span class='ocr_line' id='line_1_1' title="bbox 153 146 830 240; baseline -0.007 -6"><span class='ocrx_word' id='word_1_1' title='bbox 153 146 156 152; x_wconf 76' lang='grc'><strong>’</strong></span> <span class='ocrx_word' id='word_1_2' title='bbox 207 151 244 234; x_wconf 75' lang='lat' dir='ltr'><strong>t&#39;o</strong></span> <span class='ocrx_word' id='word_1_3' title='bbox 397 152 830 240; x_wconf 75' lang='lat' dir='ltr'><strong>oneranoestnrco</strong></span> 
     </span>
     <span class='ocr_line' id='line_1_2' title="bbox 207 283 1062 364; baseline -0.001 -27"><span class='ocrx_word' id='word_1_4' title='bbox 207 283 527 346; x_wconf 83' lang='lat' dir='ltr'><strong>tutum&#39;arbitrareutur,</strong></span> <span class='ocrx_word' id='word_1_5' title='bbox 544 284 682 346; x_wconf 79' lang='lat' dir='ltr'><strong>omnium,</strong></span> <span class='ocrx_word' id='word_1_6' title='bbox 697 284 744 350; x_wconf 88' lang='lat' dir='ltr'><strong>qui</strong></span> <span class='ocrx_word' id='word_1_7' title='bbox 754 288 931 352; x_wconf 84' lang='lat' dir='ltr'><strong>supererant,</strong></span> <span class='ocrx_word' id='word_1_8' title='bbox 945 287 1010 336; x_wconf 75' lang='lat' dir='ltr'><strong>son·</strong></span> <span class='ocrx_word' id='word_1_9' title='bbox 1061 338 1062 364; x_wconf 24' lang='lat'>¹</span> 
     </span>
    </p>
   </div>
   <div class='ocr_carea' id='block_1_2' title="bbox 188 353 1063 2794">
    <p class='ocr_par' dir='ltr' id='par_1_2' title="bbox 188 353 1063 2794">
     <span class='ocr_line' id='line_1_3' title="bbox 207 353 1062 422; baseline -0.002 -14"><span class='ocrx_word' id='word_1_10' title='bbox 207 369 291 408; x_wconf 85' lang='lat' dir='ltr'><strong>sensu</strong></span> <span class='ocrx_word' id='word_1_11' title='bbox 305 354 413 422; x_wconf 82' lang='lat' dir='ltr'><strong>legatos</strong></span> <span class='ocrx_word' id='word_1_12' title='bbox 423 353 458 405; x_wconf 84' lang='lat' dir='ltr'><strong>ad</strong></span> <span class='ocrx_word' id='word_1_13' title='bbox 470 353 616 405; x_wconf 85' lang='lat' dir='ltr'><strong>Gaesarem</strong></span> <span class='ocrx_word' id='word_1_14' title='bbox 627 356 762 406; x_wconf 86' lang='lat' dir='ltr'><strong>miserunt</strong></span> <span class='ocrx_word' id='word_1_15' title='bbox 771 368 855 422; x_wconf 81' lang='lat' dir='ltr'><strong>seque</strong></span> <span class='ocrx_word' id='word_1_16' title='bbox 866 355 892 406; x_wconf 89' lang='lat' dir='ltr'><strong>ei</strong></span> <span class='ocrx_word' id='word_1_17' title='bbox 902 353 1015 406; x_wconf 89' lang='lat' dir='ltr'><strong>dedide·</strong></span> <span class='ocrx_word' id='word_1_18' title='bbox 1061 393 1062 416; x_wconf 50' lang='lat'><strong>,</strong></span> 
     </span>
     <span class='ocr_line' id='line_1_4' title="bbox 207 422 1014 478; baseline -0.004 0"><span class='ocrx_word' id='word_1_19' title='bbox 207 431 274 478; x_wconf 85' lang='lat' dir='ltr'><strong>runt</strong></span> <span class='ocrx_word' id='word_1_20' title='bbox 289 429 318 476; x_wconf 89' lang='lat' dir='ltr'><strong>et</strong></span> <span class='ocrx_word' id='word_1_21' title='bbox 332 426 362 475; x_wconf 91' lang='lat' dir='ltr'><strong>in</strong></span> <span class='ocrx_word' id='word_1_22' title='bbox 371 423 612 476; x_wconf 84' lang='lat' dir='ltr'><strong>commemoranda</strong></span> <span class='ocrx_word' id='word_1_23' title='bbox 622 423 741 474; x_wconf 82' lang='lat' dir='ltr'><strong>civitatis</strong></span> <span class='ocrx_word' id='word_1_24' title='bbox 750 422 909 474; x_wconf 75' lang='lat' dir='ltr'>calamitate</span> <span class='ocrx_word' id='word_1_25' title='bbox 919 438 954 474; x_wconf 83' lang='lat' dir='ltr'><strong>ex</strong></span> <span class='ocrx_word' id='word_1_26' title='bbox 965 423 1014 475; x_wconf 80' lang='lat' dir='ltr'><strong>nc</strong></span> 
     </span>
     <span class='ocr_line' id='line_1_5' title="bbox 207 487 1057 558; baseline -0.004 -11"><span class='ocrx_word' id='word_1_27' title='bbox 207 487 243 547; x_wconf 68' lang='lat' dir='ltr'><strong>dd</strong></span> <span class='ocrx_word' id='word_1_28' title='bbox 257 494 302 549; x_wconf 60' lang='grc' dir='ltr'><strong>ἸΙΙ</strong></span> <span class='ocrx_word' id='word_1_29' title='bbox 315 500 473 556; x_wconf 74' lang='lat' dir='ltr'><strong>senatores,</strong></span> <span class='ocrx_word' id='word_1_30' title='bbox 493 507 529 545; x_wconf 87' lang='lat' dir='ltr'><strong>ex</strong></span> <span class='ocrx_word' id='word_1_31' title='bbox 542 491 684 545; x_wconf 87' lang='lat' dir='ltr'><strong>hominurn</strong></span> <span class='ocrx_word' id='word_1_32' title='bbox 693 492 804 544; x_wconf 88' lang='lat' dir='ltr'><strong>milibus</strong></span> <span class='ocrx_word' id='word_1_33' title='bbox 814 493 921 544; x_wconf 71' lang='lat' dir='ltr'><strong>LXvix</strong></span> <span class='ocrx_word' id='word_1_34' title='bbox 931 493 966 543; x_wconf 85' lang='lat' dir='ltr'><strong>ad</strong></span> <span class='ocrx_word' id='word_1_35' title='bbox 977 494 1014 558; x_wconf 90' lang='lat' dir='ltr'><strong>D,</strong></span> <span class='ocrx_word' id='word_1_36' title='bbox 1054 491 1057 504; x_wconf 94' lang='lat'>&#39;</span> 
     </span>
     <span class='ocr_line' id='line_1_6' title="bbox 226 561 1015 630; baseline -0.003 -15"><span class='ocrx_word' id='word_1_37' title='bbox 226 565 254 615; x_wconf 95' lang='lat' dir='ltr'><strong>ui</strong></span> <span class='ocrx_word' id='word_1_38' title='bbox 268 579 347 616; x_wconf 82' lang='lat' dir='ltr'><strong>erma</strong></span> <span class='ocrx_word' id='word_1_39' title='bbox 360 561 434 616; x_wconf 81' lang='lat' dir='ltr'><strong>ferre</strong></span> <span class='ocrx_word' id='word_1_40' title='bbox 449 569 585 630; x_wconf 75' lang='lat' dir='ltr'><strong>possent,</strong></span> <span class='ocrx_word' id='word_1_41' title='bbox 595 578 656 616; x_wconf 86' lang='lat' dir='ltr'><strong>sese</strong></span> <span class='ocrx_word' id='word_1_42' title='bbox 666 562 794 614; x_wconf 85' lang='lat' dir='ltr'><strong>redactos</strong></span> <span class='ocrx_word' id='word_1_43' title='bbox 805 576 865 614; x_wconf 90' lang='lat' dir='ltr'><strong>esse</strong></span> <span class='ocrx_word' id='word_1_44' title='bbox 875 562 1015 613; x_wconf 70' lang='lat' dir='ltr'><strong>dixerunt.</strong></span> 
     </span>
     <span class='ocr_line' id='line_1_7' title="bbox 206 579 1015 699; baseline -0.001 -16"><span class='ocrx_word' id='word_1_45' title='bbox 206 579 283 698; x_wconf 49' lang='lat' dir='ltr'><strong>auos</strong></span> <span class='ocrx_word' id='word_1_46' title='bbox 299 635 415 697; x_wconf 80' lang='lat' dir='ltr'><strong>Caesar,</strong></span> <span class='ocrx_word' id='word_1_47' title='bbox 434 638 466 684; x_wconf 86' lang='lat' dir='ltr'><strong>ut</strong></span> <span class='ocrx_word' id='word_1_48' title='bbox 481 633 508 683; x_wconf 93' lang='lat' dir='ltr'><strong>in</strong></span> <span class='ocrx_word' id='word_1_49' title='bbox 522 635 638 684; x_wconf 80' lang='lat' dir='ltr'><strong>miseros</strong></span> <span class='ocrx_word' id='word_1_50' title='bbox 648 647 682 683; x_wconf 90' lang='lat' dir='ltr'><strong>ac</strong></span> <span class='ocrx_word' id='word_1_51' title='bbox 691 632 826 699; x_wconf 89' lang='lat' dir='ltr'><strong>supplices</strong></span> <span class='ocrx_word' id='word_1_52' title='bbox 835 646 901 682; x_wconf 85' lang='lat' dir='ltr'><strong>usus</strong></span> <span class='ocrx_word' id='word_1_53' title='bbox 910 632 1015 683; x_wconf 84' lang='lat' dir='ltr'><strong>miseri·</strong></span> 
     </span>
     <span class='ocr_line' id='line_1_8' title="bbox 207 700 1015 770; baseline -0.004 -15"><span class='ocrx_word' id='word_1_54' title='bbox 207 703 304 755; x_wconf 85' lang='lat' dir='ltr'><strong>eordia</strong></span> <span class='ocrx_word' id='word_1_55' title='bbox 313 703 469 766; x_wconf 83' lang='lat' dir='ltr'><strong>videretur,</strong></span> <span class='ocrx_word' id='word_1_56' title='bbox 484 702 695 770; x_wconf 75' lang='lat' dir='ltr'>diligentissime</span> <span class='ocrx_word' id='word_1_57' title='bbox 705 702 890 764; x_wconf 82' lang='lat' dir='ltr'><strong>conservavit,</strong></span> <span class='ocrx_word' id='word_1_58' title='bbox 901 700 1015 767; x_wconf 88' lang='lat' dir='ltr'><strong>suisque</strong></span> 
     </span>
     <span class='ocr_line' id='line_1_9' title="bbox 206 771 1063 840; baseline -0.007 -14"><span class='ocrx_word' id='word_1_59' title='bbox 206 774 307 826; x_wconf 84' lang='lat' dir='ltr'><strong>linibus</strong></span> <span class='ocrx_word' id='word_1_60' title='bbox 322 778 407 840; x_wconf 84' lang='lat' dir='ltr'><strong>atque</strong></span> <span class='ocrx_word' id='word_1_61' title='bbox 422 771 530 838; x_wconf 78' lang='lat' dir='ltr'>oppidis</span> <span class='ocrx_word' id='word_1_62' title='bbox 544 775 585 823; x_wconf 88' lang='lat' dir='ltr'><strong>uti</strong></span> <span class='ocrx_word' id='word_1_63' title='bbox 595 773 677 824; x_wconf 86' lang='lat' dir='ltr'><strong>iussit</strong></span> <span class='ocrx_word' id='word_1_64' title='bbox 687 777 716 823; x_wconf 92' lang='lat' dir='ltr'><strong>et</strong></span> <span class='ocrx_word' id='word_1_65' title='bbox 726 772 852 824; x_wconf 84' lang='lat' dir='ltr'><strong>finitimis</strong></span> <span class='ocrx_word' id='word_1_66' title='bbox 861 771 1016 837; x_wconf 80' lang='lat' dir='ltr'><strong>imperavit,</strong></span> <span class='ocrx_word' id='word_1_67' title='bbox 1062 818 1063 826; x_wconf 70' lang='grc'>,</span> 
     </span>
     <span class='ocr_line' id='line_1_10' title="bbox 207 840 1063 908; baseline -0.006 -13"><span class='ocrx_word' id='word_1_68' title='bbox 207 849 241 902; x_wconf 82' lang='lat' dir='ltr'><strong>ut</strong></span> <span class='ocrx_word' id='word_1_69' title='bbox 250 845 285 895; x_wconf 88' lang='lat' dir='ltr'><strong>ab</strong></span> <span class='ocrx_word' id='word_1_70' title='bbox 295 843 396 894; x_wconf 85' lang='lat' dir='ltr'><strong>iniuria</strong></span> <span class='ocrx_word' id='word_1_71' title='bbox 407 847 436 894; x_wconf 86' lang='lat' dir='ltr'><strong>et</strong></span> <span class='ocrx_word' id='word_1_72' title='bbox 446 840 581 894; x_wconf 84' lang='lat' dir='ltr'><strong>maleficio</strong></span> <span class='ocrx_word' id='word_1_73' title='bbox 593 856 624 893; x_wconf 90' lang='lat' dir='ltr'><strong>se</strong></span> <span class='ocrx_word' id='word_1_74' title='bbox 632 855 752 908; x_wconf 87' lang='lat' dir='ltr'><strong>suosque</strong></span> <span class='ocrx_word' id='word_1_75' title='bbox 762 840 948 908; x_wconf 78' lang='lat' dir='ltr'>prohiberent.</span> <span class='ocrx_word' id='word_1_76' title='bbox 1062 844 1063 852; x_wconf 76' lang='grc'>’</span> 
     </span>
     <span class='ocr_line' id='line_1_11' title="bbox 259 910 1016 978; baseline -0.001 -15"><span class='ocrx_word' id='word_1_77' title='bbox 259 912 362 964; x_wconf 88' lang='lat' dir='ltr'>XXlX.</span> <span class='ocrx_word' id='word_1_78' title='bbox 397 911 549 974; x_wconf 78' lang='lat' dir='ltr'><strong>Aduatuci,</strong></span> <span class='ocrx_word' id='word_1_79' title='bbox 573 910 608 962; x_wconf 91' lang='lat' dir='ltr'><strong>de</strong></span> <span class='ocrx_word' id='word_1_80' title='bbox 627 911 725 978; x_wconf 83' lang='lat' dir='ltr'><strong>quibus</strong></span> <span class='ocrx_word' id='word_1_81' title='bbox 743 925 829 978; x_wconf 85' lang='lat' dir='ltr'><strong>supra</strong></span> <span class='ocrx_word' id='word_1_82' title='bbox 847 913 1016 977; x_wconf 86' lang='lat' dir='ltr'><strong>scripsimus,</strong></span> 
     </span>
     <span class='ocr_line' id='line_1_12' title="bbox 208 979 1016 1050; baseline -0.002 -18"><span class='ocrx_word' id='word_1_83' title='bbox 208 995 294 1050; x_wconf 85' lang='lat' dir='ltr'><strong>quum</strong></span> <span class='ocrx_word' id='word_1_84' title='bbox 314 981 440 1032; x_wconf 86' lang='lat' dir='ltr'><strong>omnibus</strong></span> <span class='ocrx_word' id='word_1_85' title='bbox 460 981 546 1046; x_wconf 89' lang='lat' dir='ltr'><strong>copiis</strong></span> <span class='ocrx_word' id='word_1_86' title='bbox 561 980 664 1030; x_wconf 82' lang='lat' dir='ltr'><strong>auxilio</strong></span> <span class='ocrx_word' id='word_1_87' title='bbox 680 979 789 1032; x_wconf 82' lang='lat' dir='ltr'><strong>Nerviis</strong></span> <span class='ocrx_word' id='word_1_88' title='bbox 803 982 944 1043; x_wconf 83' lang='lat' dir='ltr'><strong>venirent,</strong></span> <span class='ocrx_word' id='word_1_89' title='bbox 963 979 1016 1044; x_wconf 83' lang='lat' dir='ltr'><strong>hac</strong></span> 
     </span>
     <span class='ocr_line' id='line_1_13' title="bbox 202 1049 1006 1120; baseline 0.001 -21"><span class='ocrx_word' id='word_1_90' title='bbox 202 1055 302 1120; x_wconf 74' lang='lat' dir='ltr'><strong>pugna</strong></span> <span class='ocrx_word' id='word_1_91' title='bbox 311 1050 454 1111; x_wconf 83' lang='lat' dir='ltr'><strong>nunciata,</strong></span> <span class='ocrx_word' id='word_1_92' title='bbox 465 1064 500 1100; x_wconf 85' lang='lat' dir='ltr'><strong>ex</strong></span> <span class='ocrx_word' id='word_1_93' title='bbox 510 1049 610 1100; x_wconf 79' lang='lat' dir='ltr'><strong>itinere</strong></span> <span class='ocrx_word' id='word_1_94' title='bbox 619 1049 732 1100; x_wconf 82' lang='lat' dir='ltr'><strong>domurn</strong></span> <span class='ocrx_word' id='word_1_95' title='bbox 742 1055 930 1113; x_wconf 77' lang='lat' dir='ltr'><strong>reverterunt3</strong></span> <span class='ocrx_word' id='word_1_96' title='bbox 951 1065 1006 1100; x_wconf 90' lang='lat' dir='ltr'><strong>cun·</strong></span> 
     </span>
     <span class='ocr_line' id='line_1_14' title="bbox 208 1118 1015 1185; baseline 0.002 -16"><span class='ocrx_word' id='word_1_97' title='bbox 208 1120 260 1170; x_wconf 86' lang='lat' dir='ltr'><strong>ctis</strong></span> <span class='ocrx_word' id='word_1_98' title='bbox 275 1119 383 1185; x_wconf 89' lang='lat' dir='ltr'><strong>oppidis</strong></span> <span class='ocrx_word' id='word_1_99' title='bbox 393 1118 571 1185; x_wconf 74' lang='lat' dir='ltr'><strong>castellisque</strong></span> <span class='ocrx_word' id='word_1_100' title='bbox 582 1118 712 1180; x_wconf 75' lang='lat' dir='ltr'><strong>desertis,</strong></span> <span class='ocrx_word' id='word_1_101' title='bbox 727 1134 778 1170; x_wconf 82' lang='lat' dir='ltr'><strong>sua</strong></span> <span class='ocrx_word' id='word_1_102' title='bbox 789 1121 882 1170; x_wconf 85' lang='lat' dir='ltr'><strong>omnia</strong></span> <span class='ocrx_word' id='word_1_103' title='bbox 891 1121 920 1170; x_wconf 87' lang='lat' dir='ltr'><strong>in</strong></span> <span class='ocrx_word' id='word_1_104' title='bbox 930 1130 1015 1172; x_wconf 80' lang='lat' dir='ltr'><strong>unum</strong></span> 
     </span>
     <span class='ocr_line' id='line_1_15' title="bbox 209 1187 1016 1257; baseline 0 -17"><span class='ocrx_word' id='word_1_105' title='bbox 209 1187 352 1254; x_wconf 87' lang='lat' dir='ltr'><strong>oppidum,</strong></span> <span class='ocrx_word' id='word_1_106' title='bbox 382 1189 494 1257; x_wconf 81' lang='lat' dir='ltr'><strong>egregie</strong></span> <span class='ocrx_word' id='word_1_107' title='bbox 518 1192 618 1240; x_wconf 86' lang='lat' dir='ltr'><strong>natura</strong></span> <span class='ocrx_word' id='word_1_108' title='bbox 640 1189 790 1250; x_wconf 86' lang='lat' dir='ltr'><strong>munitum,</strong></span> <span class='ocrx_word' id='word_1_109' title='bbox 824 1189 1016 1240; x_wconf 82' lang='lat' dir='ltr'><strong>coutulerunt.</strong></span> 
     </span>
     <span class='ocr_line' id='line_1_16' title="bbox 209 1257 1018 1326; baseline -0.005 -18"><span class='ocrx_word' id='word_1_110' title='bbox 209 1257 395 1326; x_wconf 73' lang='lat' dir='ltr'><strong>Quod-quum</strong></span> <span class='ocrx_word' id='word_1_111' title='bbox 415 1273 450 1310; x_wconf 87' lang='lat' dir='ltr'><strong>ex</strong></span> <span class='ocrx_word' id='word_1_112' title='bbox 466 1257 592 1310; x_wconf 85' lang='lat' dir='ltr'><strong>omuibus</strong></span> <span class='ocrx_word' id='word_1_113' title='bbox 607 1259 636 1308; x_wconf 91' lang='lat' dir='ltr'><strong>in</strong></span> <span class='ocrx_word' id='word_1_114' title='bbox 652 1259 769 1308; x_wconf 85' lang='lat' dir='ltr'><strong>circuitu</strong></span> <span class='ocrx_word' id='word_1_115' title='bbox 778 1259 904 1324; x_wconf 82' lang='lat' dir='ltr'><strong>pertibus</strong></span> <span class='ocrx_word' id='word_1_116' title='bbox 915 1258 1018 1310; x_wconf 84' lang='lat' dir='ltr'><strong>altissi.</strong></span> 
     </span>
     <span class='ocr_line' id='line_1_17' title="bbox 208 1325 1017 1464; baseline -0.002 -14"><span class='ocrx_word' id='word_1_117' title='bbox 208 1325 1017 1464; x_wconf 53' lang='lat' dir='ltr'><strong>liutizi,liitttttitliiiiitt{titillet}</strong></span> 
     </span>
     <span class='ocr_line' id='line_1_18' title="bbox 208 1466 1016 1541; baseline -0.004 -21"><span class='ocrx_word' id='word_1_118' title='bbox 208 1467 431 1541; x_wconf 64' lang='lat' dir='ltr'><strong>relinquebatur:</strong></span> <span class='ocrx_word' id='word_1_119' title='bbox 456 1482 539 1536; x_wconf 90' lang='lat' dir='ltr'><strong>quern</strong></span> <span class='ocrx_word' id='word_1_120' title='bbox 558 1466 650 1518; x_wconf 85' lang='lat' dir='ltr'><strong>locum</strong></span> <span class='ocrx_word' id='word_1_121' title='bbox 669 1466 770 1533; x_wconf 81' lang='lat' dir='ltr'><strong>duplici</strong></span> <span class='ocrx_word' id='word_1_122' title='bbox 786 1467 922 1518; x_wconf 82' lang='lat' dir='ltr'><strong>altissimo</strong></span> <span class='ocrx_word' id='word_1_123' title='bbox 935 1481 1016 1518; x_wconf 88' lang='lat' dir='ltr'><strong>muro</strong></span> 
     </span>
     <span class='ocr_line' id='line_1_19' title="bbox 188 1535 1016 1608; baseline -0.002 -19"><span class='ocrx_word' id='word_1_124' title='bbox 188 1603 191 1608; x_wconf 25' lang='grc' dir='ltr'>Ι</span> <span class='ocrx_word' id='word_1_125' title='bbox 208 1539 381 1602; x_wconf 79' lang='lat' dir='ltr'><strong>munierant3</strong></span> <span class='ocrx_word' id='word_1_126' title='bbox 400 1541 460 1590; x_wconf 87' lang='lat' dir='ltr'><strong>turn</strong></span> <span class='ocrx_word' id='word_1_127' title='bbox 477 1537 570 1605; x_wconf 81' lang='lat' dir='ltr'><strong>magui</strong></span> <span class='ocrx_word' id='word_1_128' title='bbox 585 1535 717 1603; x_wconf 89' lang='lat' dir='ltr'><strong>ponderis</strong></span> <span class='ocrx_word' id='word_1_129' title='bbox 732 1551 801 1588; x_wconf 81' lang='lat' dir='ltr'><strong>saxa</strong></span> <span class='ocrx_word' id='word_1_130' title='bbox 811 1541 841 1588; x_wconf 91' lang='lat' dir='ltr'><strong>et</strong></span> <span class='ocrx_word' id='word_1_131' title='bbox 851 1542 1016 1603; x_wconf 80' lang='lat' dir='ltr'><strong>praeacutas</strong></span> 
     </span>
     <span class='ocr_line' id='line_1_20' title="bbox 210 1607 1016 1673; baseline -0.002 -15"><span class='ocrx_word' id='word_1_132' title='bbox 210 1608 305 1661; x_wconf 80' lang='lat' dir='ltr'><strong>trabes</strong></span> <span class='ocrx_word' id='word_1_133' title='bbox 325 1608 354 1659; x_wconf 90' lang='lat' dir='ltr'><strong>in</strong></span> <span class='ocrx_word' id='word_1_134' title='bbox 371 1621 450 1660; x_wconf 85' lang='lat' dir='ltr'><strong>muro</strong></span> <span class='ocrx_word' id='word_1_135' title='bbox 467 1608 647 1659; x_wconf 82' lang='lat' dir='ltr'><strong>collocarent.</strong></span> <span class='ocrx_word' id='word_1_136' title='bbox 683 1607 738 1673; x_wconf 90' lang='lat' dir='ltr'><strong>lpsi</strong></span> <span class='ocrx_word' id='word_1_137' title='bbox 754 1612 836 1658; x_wconf 84' lang='lat' dir='ltr'><strong>erant</strong></span> <span class='ocrx_word' id='word_1_138' title='bbox 850 1621 885 1658; x_wconf 86' lang='lat' dir='ltr'><strong>ex</strong></span> <span class='ocrx_word' id='word_1_139' title='bbox 899 1607 1016 1657; x_wconf 84' lang='lat' dir='ltr'><strong>Cimbris</strong></span> 
     </span>
     <span class='ocr_line' id='line_1_21' title="bbox 210 1675 1015 1744; baseline -0.004 -15"><span class='ocrx_word' id='word_1_140' title='bbox 210 1678 402 1744; x_wconf 79' lang='lat' dir='ltr'><strong>Teutonisque</strong></span> <span class='ocrx_word' id='word_1_141' title='bbox 412 1677 555 1744; x_wconf 81' lang='lat' dir='ltr'><strong>prognati3</strong></span> <span class='ocrx_word' id='word_1_142' title='bbox 577 1678 636 1744; x_wconf 92' lang='lat' dir='ltr'><strong>qui,</strong></span> <span class='ocrx_word' id='word_1_143' title='bbox 647 1690 732 1743; x_wconf 88' lang='lat' dir='ltr'><strong>quum</strong></span> <span class='ocrx_word' id='word_1_144' title='bbox 742 1677 797 1727; x_wconf 91' lang='lat' dir='ltr'><strong>iter</strong></span> <span class='ocrx_word' id='word_1_145' title='bbox 806 1675 834 1727; x_wconf 90' lang='lat' dir='ltr'><strong>iu</strong></span> <span class='ocrx_word' id='word_1_146' title='bbox 846 1676 1015 1741; x_wconf 82' lang='lat' dir='ltr'><strong>provinciam</strong></span> 
     </span>
     <span class='ocr_line' id='line_1_22' title="bbox 210 1741 1017 1828; baseline -0.002 -31"><span class='ocrx_word' id='word_1_147' title='bbox 210 1753 335 1797; x_wconf 80' lang='lat' dir='ltr'><strong>nostram</strong></span> <span class='ocrx_word' id='word_1_148' title='bbox 355 1752 438 1814; x_wconf 82' lang='lat' dir='ltr'><strong>atque</strong></span> <span class='ocrx_word' id='word_1_149' title='bbox 458 1745 569 1797; x_wconf 86' lang='lat' dir='ltr'><strong>ltaliam</strong></span> <span class='ocrx_word' id='word_1_150' title='bbox 589 1745 728 1809; x_wconf 82' lang='lat' dir='ltr'><strong>lacerent,</strong></span> <span class='ocrx_word' id='word_1_151' title='bbox 750 1746 784 1795; x_wconf 90' lang='lat' dir='ltr'><strong>iis</strong></span> <span class='ocrx_word' id='word_1_152' title='bbox 803 1741 1017 1828; x_wconf 73' lang='lat' dir='ltr'><strong>impedimentis,</strong></span> 
     </span>
     <span class='ocr_line' id='line_1_23' title="bbox 209 1815 1017 1958; baseline 0.004 -24"><span class='ocrx_word' id='word_1_153' title='bbox 209 1815 1017 1958; x_wconf 58' lang='lat' dir='ltr'><strong>titttiittttt,ttiiiittttilittestitit</strong></span> 
     </span>
     <span class='ocr_line' id='line_1_24' title="bbox 209 1950 1015 2023; baseline 0.002 -19"><span class='ocrx_word' id='word_1_154' title='bbox 209 1967 259 2004; x_wconf 82' lang='lat' dir='ltr'><strong>sex</strong></span> <span class='ocrx_word' id='word_1_155' title='bbox 269 1952 347 2004; x_wconf 85' lang='lat' dir='ltr'><strong>milia</strong></span> <span class='ocrx_word' id='word_1_156' title='bbox 357 1950 498 2004; x_wconf 87' lang='lat' dir='ltr'><strong>hominurn</strong></span> <span class='ocrx_word' id='word_1_157' title='bbox 509 1969 565 2005; x_wconf 85' lang='lat' dir='ltr'><strong>una</strong></span> <span class='ocrx_word' id='word_1_158' title='bbox 575 1953 756 2023; x_wconf 79' lang='lat' dir='ltr'><strong>reliquerunt</strong></span> <span class='ocrx_word' id='word_1_159' title='bbox 792 1954 1015 2022; x_wconf 86' lang='lat' dir='ltr'><strong>lli,posteorurn</strong></span> 
     </span>
     <span class='ocr_line' id='line_1_25' title="bbox 208 2021 1017 2092; baseline 0.002 -20"><span class='ocrx_word' id='word_1_160' title='bbox 208 2021 334 2084; x_wconf 77' lang='lat' dir='ltr'><strong>obitum,</strong></span> <span class='ocrx_word' id='word_1_161' title='bbox 347 2023 451 2074; x_wconf 82' lang='lat' dir='ltr'><strong>nultos</strong></span> <span class='ocrx_word' id='word_1_162' title='bbox 459 2029 547 2074; x_wconf 86' lang='lat' dir='ltr'><strong>annos</strong></span> <span class='ocrx_word' id='word_1_163' title='bbox 557 2039 575 2075; x_wconf 98' lang='lat' dir='ltr'><strong>a</strong></span> <span class='ocrx_word' id='word_1_164' title='bbox 584 2024 707 2076; x_wconf 83' lang='lat' dir='ltr'><strong>finitimis</strong></span> <span class='ocrx_word' id='word_1_165' title='bbox 718 2025 864 2092; x_wconf 74' lang='lat' dir='ltr'><strong>exagitati.</strong></span> <span class='ocrx_word' id='word_1_166' title='bbox 875 2037 957 2092; x_wconf 86' lang='lat' dir='ltr'><strong>quurn</strong></span> <span class='ocrx_word' id='word_1_167' title='bbox 969 2024 1017 2074; x_wconf 81' lang='lat' dir='ltr'><strong>nli-</strong></span> 
     </span>
     <span class='ocr_line' id='line_1_26' title="bbox 208 2090 1015 2156; baseline 0.001 -13"><span class='ocrx_word' id='word_1_168' title='bbox 208 2105 239 2142; x_wconf 80' lang='lat' dir='ltr'><strong>as</strong></span> <span class='ocrx_word' id='word_1_169' title='bbox 249 2090 352 2143; x_wconf 82' lang='lat' dir='ltr'><strong>belluni</strong></span> <span class='ocrx_word' id='word_1_170' title='bbox 362 2092 512 2156; x_wconf 83' lang='lat' dir='ltr'><strong>inferrent,</strong></span> <span class='ocrx_word' id='word_1_171' title='bbox 532 2092 601 2144; x_wconf 84' lang='lat' dir='ltr'><strong>alias</strong></span> <span class='ocrx_word' id='word_1_172' title='bbox 612 2093 720 2145; x_wconf 86' lang='lat' dir='ltr'><strong>illatum</strong></span> <span class='ocrx_word' id='word_1_173' title='bbox 733 2093 936 2156; x_wconf 83' lang='lat' dir='ltr'><strong>defenderent,</strong></span> <span class='ocrx_word' id='word_1_174' title='bbox 953 2107 1015 2144; x_wconf 91' lang='lat' dir='ltr'><strong>con·</strong></span> 
     </span>
     <span class='ocr_line' id='line_1_27' title="bbox 207 2161 1016 2229; baseline 0.002 -17"><span class='ocrx_word' id='word_1_175' title='bbox 207 2175 292 2214; x_wconf 87' lang='lat' dir='ltr'><strong>sensu</strong></span> <span class='ocrx_word' id='word_1_176' title='bbox 303 2176 398 2214; x_wconf 86' lang='lat' dir='ltr'><strong>eorum</strong></span> <span class='ocrx_word' id='word_1_177' title='bbox 409 2161 532 2214; x_wconf 81' lang='lat' dir='ltr'><strong>oninium</strong></span> <span class='ocrx_word' id='word_1_178' title='bbox 543 2177 611 2229; x_wconf 89' lang='lat' dir='ltr'><strong>paee</strong></span> <span class='ocrx_word' id='word_1_179' title='bbox 621 2163 710 2228; x_wconf 80' lang='lat' dir='ltr'><strong>fecte,</strong></span> <span class='ocrx_word' id='word_1_180' title='bbox 730 2161 803 2216; x_wconf 85' lang='lat' dir='ltr'><strong>hunc</strong></span> <span class='ocrx_word' id='word_1_181' title='bbox 812 2163 864 2214; x_wconf 87' lang='lat' dir='ltr'><strong>sibi</strong></span> <span class='ocrx_word' id='word_1_182' title='bbox 875 2163 1016 2216; x_wconf 86' lang='lat' dir='ltr'><strong>domicilio</strong></span> 
     </span>
     <span class='ocr_line' id='line_1_28' title="bbox 207 2229 932 2300; baseline 0.006 -17"><span class='ocrx_word' id='word_1_183' title='bbox 207 2229 300 2284; x_wconf 85' lang='lat' dir='ltr'><strong>locum</strong></span> <span class='ocrx_word' id='word_1_184' title='bbox 311 2231 482 2300; x_wconf 81' lang='lat' dir='ltr'><strong>delegerunt.</strong></span> <span class='ocrx_word' id='word_1_185' title='bbox 927 2245 932 2250; x_wconf 90' lang='grc'><em>“</em></span> 
     </span>
     <span class='ocr_line' id='line_1_29' title="bbox 259 2301 1015 2370; baseline 0.003 -17"><span class='ocrx_word' id='word_1_186' title='bbox 259 2301 347 2354; x_wconf 86' lang='lat' dir='ltr'>XXX.</span> <span class='ocrx_word' id='word_1_187' title='bbox 385 2303 644 2370; x_wconf 77' lang='lat' dir='ltr'><strong>scpnnoadventu</strong></span> <span class='ocrx_word' id='word_1_188' title='bbox 654 2303 793 2356; x_wconf 88' lang='lat' dir='ltr'><strong>exercitus</strong></span> <span class='ocrx_word' id='word_1_189' title='bbox 803 2303 892 2354; x_wconf 89' lang='lat' dir='ltr'><strong>nostri</strong></span> <span class='ocrx_word' id='word_1_190' title='bbox 904 2304 1015 2356; x_wconf 83' lang='lat' dir='ltr'><strong>crebras</strong></span> 
     </span>
     <span class='ocr_line' id='line_1_30' title="bbox 208 2371 1015 2442; baseline 0.005 -20"><span class='ocrx_word' id='word_1_191' title='bbox 208 2384 243 2423; x_wconf 82' lang='lat' dir='ltr'><strong>ex</strong></span> <span class='ocrx_word' id='word_1_192' title='bbox 258 2371 359 2439; x_wconf 93' lang='lat' dir='ltr'><strong>oppido</strong></span> <span class='ocrx_word' id='word_1_193' title='bbox 374 2376 552 2426; x_wconf 77' lang='lat' dir='ltr'><strong>excursiones</strong></span> <span class='ocrx_word' id='word_1_194' title='bbox 567 2374 720 2436; x_wconf 78' lang='lat' dir='ltr'><strong>faciebant,</strong></span> <span class='ocrx_word' id='word_1_195' title='bbox 743 2374 920 2442; x_wconf 78' lang='lat' dir='ltr'><strong>parvulisque</strong></span> <span class='ocrx_word' id='word_1_196' title='bbox 938 2387 1015 2440; x_wconf 80' lang='lat' dir='ltr'><strong>proe-</strong></span> 
     </span>
     <span class='ocr_line' id='line_1_31' title="bbox 207 2439 1013 2510; baseline 0.004 -20"><span class='ocrx_word' id='word_1_197' title='bbox 207 2439 256 2491; x_wconf 85' lang='lat' dir='ltr'><strong>liis·</strong></span> <span class='ocrx_word' id='word_1_198' title='bbox 273 2441 333 2492; x_wconf 80' lang='lat' dir='ltr'><strong>cunr</strong></span> <span class='ocrx_word' id='word_1_199' title='bbox 355 2444 459 2494; x_wconf 87' lang='lat' dir='ltr'><strong>nostris</strong></span> <span class='ocrx_word' id='word_1_200' title='bbox 475 2444 690 2497; x_wconf 83' lang='lat' dir='ltr'><strong>contendebant:</strong></span> <span class='ocrx_word' id='word_1_201' title='bbox 712 2447 810 2509; x_wconf 84' lang='lat' dir='ltr'><strong>postea</strong></span> <span class='ocrx_word' id='word_1_202' title='bbox 824 2443 898 2495; x_wconf 77' lang='lat' dir='ltr'><strong>vallo</strong></span> <span class='ocrx_word' id='word_1_203' title='bbox 914 2444 1013 2510; x_wconf 88' lang='lat' dir='ltr'><strong>pedum</strong></span> 
     </span>
     <span class='ocr_line' id='line_1_32' title="bbox 206 2505 1016 2581; baseline 0.006 -22"><span class='ocrx_word' id='word_1_204' title='bbox 206 2505 273 2571; x_wconf 87' lang='lat' dir='ltr'><strong>Xll,</strong></span> <span class='ocrx_word' id='word_1_205' title='bbox 291 2512 449 2564; x_wconf 89' lang='lat' dir='ltr'><strong>incircuitu</strong></span> <span class='ocrx_word' id='word_1_206' title='bbox 458 2513 511 2567; x_wconf 88' lang='lat' dir='ltr'><strong>XV</strong></span> <span class='ocrx_word' id='word_1_207' title='bbox 520 2515 638 2576; x_wconf 87' lang='lat' dir='ltr'><strong>milium,</strong></span> <span class='ocrx_word' id='word_1_208' title='bbox 662 2514 820 2581; x_wconf 82' lang='lat' dir='ltr'><strong>crebrisque</strong></span> <span class='ocrx_word' id='word_1_209' title='bbox 831 2514 953 2567; x_wconf 86' lang='lat' dir='ltr'><strong>castellis</strong></span> <span class='ocrx_word' id='word_1_210' title='bbox 964 2514 1016 2564; x_wconf 89' lang='lat' dir='ltr'><strong>eir·</strong></span> 
     </span>
     <span class='ocr_line' id='line_1_33' title="bbox 207 2581 1015 2650; baseline 0.004 -19"><span class='ocrx_word' id='word_1_211' title='bbox 207 2581 384 2644; x_wconf 77' lang='lat' dir='ltr'><strong>communiti,</strong></span> <span class='ocrx_word' id='word_1_212' title='bbox 413 2583 513 2650; x_wconf 91' lang='lat' dir='ltr'><strong>oppido</strong></span> <span class='ocrx_word' id='word_1_213' title='bbox 533 2599 594 2636; x_wconf 85' lang='lat' dir='ltr'><strong>seso</strong></span> <span class='ocrx_word' id='word_1_214' title='bbox 614 2584 802 2635; x_wconf 84' lang='lat' dir='ltr'><strong>continebant.</strong></span> <span class='ocrx_word' id='word_1_215' title='bbox 837 2583 904 2646; x_wconf 86' lang='lat' dir='ltr'><strong>Ubi,</strong></span> <span class='ocrx_word' id='word_1_216' title='bbox 928 2583 1015 2635; x_wconf 80' lang='lat' dir='ltr'><strong>vineis</strong></span> 
     </span>
     <span class='ocr_line' id='line_1_34' title="bbox 207 2646 1015 2719; baseline 0.009 -21"><span class='ocrx_word' id='word_1_217' title='bbox 207 2646 291 2711; x_wconf 71' lang='lat' dir='ltr'><strong>sctis,</strong></span> <span class='ocrx_word' id='word_1_218' title='bbox 302 2665 404 2718; x_wconf 76' lang='lat' dir='ltr'><strong>aggere</strong></span> <span class='ocrx_word' id='word_1_219' title='bbox 414 2658 569 2716; x_wconf 81' lang='lat' dir='ltr'><strong>exstructo,</strong></span> <span class='ocrx_word' id='word_1_220' title='bbox 579 2655 678 2704; x_wconf 86' lang='lat' dir='ltr'><strong>turrim</strong></span> <span class='ocrx_word' id='word_1_221' title='bbox 690 2653 788 2719; x_wconf 89' lang='lat' dir='ltr'><strong>procul</strong></span> <span class='ocrx_word' id='word_1_222' title='bbox 797 2655 929 2706; x_wconf 87' lang='lat' dir='ltr'><strong>constitui</strong></span> <span class='ocrx_word' id='word_1_223' title='bbox 938 2652 1015 2705; x_wconf 84' lang='lat' dir='ltr'><strong>vide-</strong></span> 
     </span>
     <span class='ocr_line' id='line_1_35' title="bbox 206 2719 1015 2794; baseline 0.011 -27"><span class='ocrx_word' id='word_1_224' title='bbox 206 2719 287 2782; x_wconf 87' lang='lat' dir='ltr'><strong>runt,</strong></span> <span class='ocrx_word' id='word_1_225' title='bbox 303 2719 423 2786; x_wconf 82' lang='lat' dir='ltr'><strong>primurn</strong></span> <span class='ocrx_word' id='word_1_226' title='bbox 433 2721 551 2778; x_wconf 86' lang='lat' dir='ltr'><strong>irridere</strong></span> <span class='ocrx_word' id='word_1_227' title='bbox 562 2737 596 2776; x_wconf 84' lang='lat' dir='ltr'><strong>ex</strong></span> <span class='ocrx_word' id='word_1_228' title='bbox 605 2735 685 2775; x_wconf 86' lang='lat' dir='ltr'><strong>muro</strong></span> <span class='ocrx_word' id='word_1_229' title='bbox 696 2727 780 2793; x_wconf 83' lang='lat' dir='ltr'><strong>etque</strong></span> <span class='ocrx_word' id='word_1_230' title='bbox 791 2721 963 2793; x_wconf 76' lang='lat' dir='ltr'><strong>increpitare</strong></span> <span class='ocrx_word' id='word_1_231' title='bbox 970 2737 1015 2794; x_wconf 76' lang='lat' dir='ltr'><strong>ro·</strong></span> 
     </span>
    </p>
   </div>
   <div class='ocr_carea' id='block_1_3' title="bbox 0 0 1080 3124">
    <p class='ocr_par' dir='ltr' id='par_1_3' title="bbox 0 0 1080 3124">
     <span class='ocr_line' id='line_1_36' title="bbox 0 0 1080 3124; baseline 0 0"><span class='ocrx_word' id='word_1_232' title='bbox 0 0 1080 3124; x_wconf 95' lang='lat' dir='ltr'><strong> </strong></span> 
     </span>
    </p>
   </div>
  </div>
 </body>
</html>
