2168 3134
207 127 257 212 os
392 152 448 205 aa
467 123 609 221 annio
629 152 817 212 esuuico

204 273 268 310 rum
280 272 382 324 magna
395 273 461 326 pars
477 256 513 313 ad
523 257 625 310 bellum
643 261 704 325 erat
714 265 842 320 crocata,
869 261 934 308 elne
946 269 1020 307 core

205 329 333 380 tentione
345 327 448 395 oppido
462 328 578 394 potitur.
613 326 730 380 Refecto
741 332 842 393 ponte,
869 341 955 393 quem
969 341 1020 376 su-

205 398 365 467 perioribus
389 397 487 450 diebus
510 397 606 450 hostes
629 397 818 459 rescideram,
853 395 1019 449 exercitum

206 467 363 520 transducit
374 473 402 518 et
412 467 534 520 secunde
547 467 660 520 llumine
672 466 705 517 ad
718 467 860 518 Lutetiam
871 467 926 517 iter
939 464 1020 516 iaec·

206 552 238 590 re
248 537 348 604 eoepit.
383 539 497 600 Hostes,
517 553 548 589 re
559 537 673 605 cognita
685 538 719 591 ab
730 536 787 600 iis,
798 537 845 603 qui
856 552 874 587 a
884 534 1021 586 Melodu·

207 623 243 659 no
258 606 455 676 profugerant,
484 606 628 659 Lutetiam
644 606 758 659 incendi
776 612 932 673 pontesque
954 605 1022 656 eius

206 677 303 743 oppidi
313 678 437 730 rescindi
446 678 562 738 iubente
576 678 632 744 ipsi
642 676 762 744 profecti
772 675 914 742 apalude‚
933 675 967 724 in
975 675 1020 725 ri-

205 747 250 816 pis
261 745 418 818 Sequanae,
449 763 464 798 e
478 747 595 815 regione
611 747 754 810 Lutetiae,
780 750 878 802 contra
891 744 1023 797 Labieni.

207 819 302 870 castra
311 817 469 868 considunt.
991 861 998 871 .

260 885 333 950 LlX.
353 886 412 937 lani
428 887 561 938 Caesena
577 885 719 954 Gergovia
732 886 896 938 discessisse
917 881 1018 939 audie·

206 955 303 1006 batur:
319 955 374 1006 iam
386 955 420 1008 de
431 956 591 1008 Aeduorum
603 956 763 1020 defectione
773 962 801 1008 et
812 955 936 1007 secundo
947 953 1021 1004 Gal·

207 1023 265 1075 liae
274 1030 352 1076 motu
364 1040 491 1078 rumores
507 1026 715 1088 adferebantur,
745 1025 875 1092 Gallique
885 1025 915 1075 in
927 1023 1018 1086 collo·

123 1124 127 1132 ·
207 1094 290 1160 quiis,
306 1095 489 1145 interclusum
500 1095 604 1148 itinere
615 1101 643 1146 et
653 1094 751 1162 Ligeri
758 1097 923 1156 Caesarem,
951 1094 1017 1144 ino·

206 1164 254 1230 pia
273 1163 407 1215 fruinenti
427 1170 567 1226 cosmum,
593 1166 624 1216 in
643 1165 815 1232 provinciam
835 1163 1018 1216 contendisse

207 1232 419 1286 confirmabant.
455 1235 598 1293 Bellovaci
609 1242 716 1299 autem,
736 1233 1017 1294 deiectioneieduo-

207 1318 270 1354 rum
282 1305 405 1372 cognita,
426 1305 549 1372 quiante
560 1310 642 1356 erant
654 1320 705 1372 per
715 1319 745 1356 se
754 1304 893 1366 infideles,
913 1317 1017 1355 nianus

207 1388 309 1442 eogere
321 1381 404 1442 atque
415 1381 510 1442 aperte
519 1375 623 1428 bellum
633 1391 733 1444 parare
744 1381 904 1443 coeperunt
941 1375 1015 1426 Tum

207 1445 362 1506 Labienus,
390 1451 470 1497 tanta
481 1461 573 1498 reruni
584 1445 814 1510 commutatione,
842 1444 926 1513 longe
936 1442 1014 1494 aliud

207 1515 263 1568 sibi
273 1516 438 1590 capiendum
450 1517 611 1579 eonsilium,
630 1525 713 1585 atque
722 1523 806 1568 antea
816 1520 953 1577 senserat,
971 1514 1014 1563 in·

209 1586 377 1652 tellegebat:
390 1601 478 1652 usque
489 1587 553 1649 iam,
563 1593 595 1640 ut
604 1587 710 1654 aliquid
721 1586 882 1652 adquireret
892 1583 1012 1653 proelio·

208 1671 263 1723 que
273 1653 369 1706 bostes
379 1655 545 1719 lacesserem
569 1656 620 1708 sed
635 1663 666 1707 ut
676 1655 843 1708 incolumem
857 1655 1011 1707 exereitum

208 1724 379 1791 Agendicum
397 1723 559 1786 reduceret,
587 1725 739 1792 cogitabat.
775 1724 901 1791 Namque
922 1725 1012 1774 altera

208 1809 244 1845 ex
254 1800 335 1860 parte
347 1792 504 1872 Bellovaci,
528 1807 598 1860 quae
609 1795 708 1848 civitas
717 1795 747 1859 ia
758 1793 852 1844 Gallia
862 1797 1009 1844 niaximum

207 1861 292 1914 babet
306 1863 466 1928 opinionem
479 1864 610 1926 uirtutis,
638 1863 796 1925 instabant3
825 1863 942 1913 alteram
959 1863 1010 1911 Ca·

207 1933 373 2000 mulogenus
383 1939 487 1999 parato
498 1939 581 2000 atque
594 1935 732 1985 instructo
742 1931 868 1984 exercitu
881 1931 1006 1984 tenebat:

206 2011 266 2054 tum
278 2001 413 2070 legiones,
433 2003 602 2070 apraesidio
614 2007 697 2069 atque
707 2002 914 2070 impedimentis
923 2002 1007 2052 inter·

207 2073 307 2136 clausas,
326 2073 475 2122 niaximum
492 2071 593 2125 flumen
610 2071 771 2123 distinebat.
806 2072 1006 2132 Tantissubito

207 2141 418 2194 dillicultatibus
439 2143 569 2207 obiectis,
597 2144 633 2196 ab
652 2143 740 2196 animi
755 2143 860 2196 virtute
874 2142 1006 2194 auxilium

207 2212 489 2282 petendmnvidebat.
632 2267 642 2282 ,

260 2284 321 2336 LX.
340 2285 436 2351 ltaque
445 2284 498 2335 sub
508 2298 654 2352 vesperum
665 2283 783 2336 consilio
794 2289 953 2344 convocato,
963 2281 1003 2332 co'-

209 2353 346 2417 hortatus,
362 2363 393 2405 ut
404 2371 444 2417 sa,
455 2369 524 2424 quae
534 2353 702 2422 imperasset,
713 2353 859 2424 diligenter
868 2349 1004 2405 industrie·

208 2439 258 2492 pue
269 2423 506 2487 adiriiaistrarent,
528 2439 629 2487 nares,
653 2439 722 2493 quas
734 2439 751 2476 a
762 2423 915 2476 Meloduno
924 2421 1002 2473 dedu·

207 2498 298 2557 xerat,
308 2494 434 2562 singulas
443 2495 911 2562 equitibusRomanisadtribuitet,
920 2492 1001 2560 priora

209 2561 339 2615 coniecta
349 2565 456 2632 vigilia,
466 2567 677 2634 quatuor-milia
688 2579 816 2633 passuum
829 2559 1001 2616 secundellu-
1066 2611 1067 2614 ,

208 2632 283 2684 mine
298 2633 414 2685 silentio
433 2637 566 2704 progredi
586 2637 680 2704 ibique
696 2653 726 2688 se
746 2635 903 2704 exspectari
923 2633 1001 2684 iubet·

209 2702 337 2768 Quinque
346 2701 489 2770 cobortes,
519 2721 589 2774 quas
600 2709 714 2762 minime
728 2708 821 2760 firmas
833 2704 868 2757 ad
879 2701 988 2754 dimiono
