2168 3134
210 169 258 221 180
331 227 333 232 A
388 166 605 222 deridebo
629 169 815 224 Glauco

205 273 335 325 transfixi
347 273 410 340 pilis
422 272 623 334 concidissent,
646 279 741 324 tamen
758 275 893 326 acerrime
906 274 1007 341 reliqul

206 344 384 404 resistebant,
396 357 448 394 nec
460 342 485 392 dr
487 344 544 392 ibat
555 342 744 409 suspicionem
758 344 841 412 fugae
853 343 1007 411 quisquam.

204 415 268 480 lpse
285 413 338 463 dux
356 411 478 463 hostium
496 413 701 479 Camulogenus
723 414 780 464 suis
803 413 902 464 aderat
915 417 1007 493 ..atque

205 496 254 535 eos
265 481 472 532 cohortabatur
508 485 551 544 rit,
562 482 672 533 incerto
691 483 775 533 etiam
793 498 874 532 nunc
879 482 956 532 exitu
967 483 1006 530 ri-

166 605 168 610 ,
204 553 318 615 ctoriae,
339 567 423 619 quum
435 552 572 618 septimae
584 553 706 620 legionis
718 553 837 604 tribunis
850 559 927 602 esset
938 565 1007 600 nun·

204 622 318 684 ciuium,-
335 637 405 688 quae
417 623 446 673 in
458 623 574 672 sinistro
586 637 672 673 cornu
683 628 859 689 gererentur,
877 627 940 686 post
950 627 1008 672 tera

204 707 268 758 gum
286 690 408 742 hostium
425 692 567 758 legionem
585 692 771 743 ostenderunt
786 692 922 758 signaque
933 690 1009 741 intua

204 761 307 811 lerunt.
320 761 361 811 Ne
373 775 406 811 eo
418 760 530 827 quidem
543 766 669 827 tempore
681 762 826 829 quisquam
839 760 901 810 loco
913 759 1008 821 cessit,

204 830 254 880 sed
266 831 448 880 circumventi
459 844 556 880 onrnes
568 830 767 897 interfectique
779 836 852 880 sunt.
873 829 1008 881 Eamdrm

161 956 165 961 ⁸
203 898 345 950 fortunam
367 898 433 948 tulit
455 899 667 966 Camulogenus.
703 902 738 951 At
752 902 786 963 ii,
804 901 853 966 qui
866 901 1009 966 praesidio

204 967 303 1019 contra
313 975 407 1018 castra
419 968 537 1018 Labieni
549 973 630 1018 erant
641 969 747 1031 relicti,
769 985 852 1036 quum
870 969 1009 1035 proelium

204 1037 381 1088 commissum
394 1036 553 1099 audissent,
575 1036 700 1088 subsidio
714 1039 772 1089 suis
789 1039 885 1088 ierunt
896 1039 1010 1089 collem·

204 1121 256 1174 que
274 1113 417 1172 ceperunt,
439 1121 529 1173 neque
552 1115 712 1157 nostrorum
728 1107 848 1158 militum
869 1109 1010 1159 victorum

202 1179 337 1242 impetum
350 1177 491 1228 sustinere
502 1182 661 1242 potuerunt.
683 1176 737 1238 Sic,
753 1192 813 1227 cum
827 1179 886 1228 suis
898 1177 1009 1246 fugien-

204 1248 278 1298 tibus
290 1247 429 1314 permixti,
441 1261 512 1314 quos
522 1261 578 1298 non
590 1246 676 1297 silvae
688 1252 853 1313 montesque
866 1251 1010 1310 texer·unt;

203 1319 238 1368 ab
250 1318 378 1385 equitatu
391 1315 621 1368 suntinterfecti.
658 1317 721 1366 Hoc
737 1316 853 1383 negotio
869 1317 1010 1379 confecto,
1069 1333 1070 1342 ¹

202 1387 345 1439 Labienus
367 1388 520 1440 revertitur
535 1385 720 1454 Agendicum,
741 1387 789 1437 ubi
805 1387 1010 1452 impedimenta

203 1459 291 1542 tqtius
304 1458 446 1509 exereitus
458 1457 558 1508 relicta
567 1462 659 1508 errant
671 1456 737 1508 inde
749 1471 809 1507 cum
823 1457 951 1508 omnibus
963 1471 1009 1507 co·¹
1012 1496 1015 1501 .

203 1529 258 1595 piis
269 1529 304 1578 ad
316 1529 463 1579 Caesarem
479 1542 544 1593 perr
548 1527 612 1578 emt
701 1565 703 1570 -

257 1594 551 1649 intensissime
573 1596 731 1650 Aeduorum
753 1562 879 1668 cornito,
901 1594 1008 1647 bellum

202 1673 331 1734 augetur.
367 1665 563 1733 legationes
556 1683 585 1716 ιιι
602 1681 699 1716 onrrres
720 1673 814 1730 partes
836 1666 1009 1716 circummit-

202 1742 314 1785 tuutur:
327 1742 487 1802 quantum„
472 1735 572 1796 uratia,
583 1736 761 1796 auctoritate,
774 1736 892 1798 pecunia
902 1733 1009 1797 ualent,

202 1803 238 1854 ad
249 1803 443 1856 sollicitandas
465 1805 594 1854 ciritates
610 1805 764 1854 nitunturv
784 1802 867 1854 Nacti
882 1802 1008 1866 obsides,

202 1887 272 1940 quos
283 1874 386 1924 Caesar
397 1872 470 1938 apud
487 1887 536 1923 eos
552 1871 732 1937 deposuerat,
753 1870 851 1922 horum
867 1871 1007 1936 supplicio

202 1942 364 1994 dubitantes
379 1942 521 1992 territant.
547 1940 662 1992 ‘Petunt
677 1941 941 2009 avercingetorige
953 1941 1005 1992 lle-¹

202 2011 263 2070 dui,
286 2012 320 2062 ad
332 2025 364 2062 se
374 2011 470 2062 veniat
481 2011 660 2079 rationesque
672 2011 741 2063 belli
751 2011 870 2079 gerendi
881 2027 1004 2063 commu·

203 2081 287 2133 nicet.
323 2082 364 2132 lle
379 2081 531 2146 impetrata
552 2081 737 2144 contendunt,
758 2088 791 2132 -ut
804 2080 874 2149 ipsis
896 2096 1005 2133 summa

201 2153 314 2218 imperii
324 2151 501 2212 transdatur3
512 2156 549 2213 et,
560 2165 591 2202 re
602 2150 631 2201 in
643 2153 864 2204 controversiain
876 2152 1005 2214 deducta,

202 2223 290 2273 totius
302 2223 413 2272 Galliae
425 2220 717 2272 concilium'Bibractc
727 2222 882 2274 indicitur*
899 2222 1004 2273 Eodem

203 2294 372 2342 conveniunt
382 2290 504 2360 undique
517 2289 686 2359 frequentes.
705 2291 897 2343 Multitudinis
908 2291 1005 2342 suffra-

202 2362 257 2428 giis
270 2376 314 2412 res
328 2361 513 2428 permittitur:
533 2361 568 2411 ed
584 2375 668 2411 uuum
684 2377 782 2414 omnes
794 2361 1005 2429 ιῐιιιοίιιιιιιιιιιί·Ι

203 2445 267 2497 gem
288 2433 409 2498 probant
424 2431 633 2498 imperatorem
668 2432 709 2482 db
725 2429 777 2482 boc
788 2432 906 2483 concilio
918 2430 1007 2492 lienri,

203 2499 354 2567 Lingones,
366 2502 478 2552 Treviri
489 2500 632 2552 aluerunt·
644 2499 695 2562 illi,
707 2501 778 2568 quod
792 2500 941 2560 amicitiem
955 2501 1006 2551 lto·

204 2583 346 2621 manmum
359 2573 563 2639 sequebantur3
583 2570 702 2632 lreriri,
723 2571 797 2638 quod
813 2573 931 2626 aberant
946 2569 1005 2620 lon·

203 2638 265 2703 gius
278 2649 306 2690 et
317 2641 351 2690 ab
363 2641 513 2692 Gerruauis
523 2641 736 2707 premebuntur:
730 2657 820 2708 .quue
834 2641 887 2692 luit
897 2655 1006 2700 caussa,

203 2720 288 2772 quare
303 2715 365 2759 tuto
381 2710 514 2778 abessent
530 2709 604 2762 bellu
621 2719 649 2760 rt
666 2713 774 2762 neutris
791 2713 898 2762 auxilia
912 2710 1004 2764 mitte·
