2180 3140
190 177 242 232 Μ
409 178 465 230 DE
485 175 628 230 BELLO
648 176 784 232 civiti

188 284 350 354 tegebatur,
363 282 400 334 ab
411 287 507 334 austro
519 295 574 332 non
583 275 648 334 'erat
659 283 758 344 tutos)
768 280 916 352 :leviusque
927 289 998 336 tom.

187 355 323 425 penatis,
355 367 437 422 quam
456 351 569 415 classis,
601 351 754 419 periculum
767 355 998 408 aestimaverunt.
1067 349 1068 366 ¹

190 425 253 488 Quo
265 422 443 491 simulatque
455 423 530 472 intus
542 425 586 472 eat
594 421 848 486 itumsincredibili
859 423 998 478 felicitate
1067 435 1068 438 ’

189 500 296 556 auster,
308 495 356 562 qui
366 507 417 560 per
428 491 542 543 biduum
552 490 677 555 flaverat,
691 493 718 542 iu
729 491 848 546 alricum
860 509 892 545 se
902 495 997 548 vertit.

243 563 359 618 xxvii.
382 561 437 614 ilic
457 563 578 612 suhitam
599 564 846 616 commutationem
860 563 998 616 *somenae

189 635 286 688 sidere
296 633 386 686 licuit.
422 632 476 695 Qui
488 631 571 684 niolio
583 633 636 683 sihi
647 633 811 697 timuerant,
831 632 882 685 lios
891 635 999 685 tutissi-

190 721 254 759 mus
264 709 362 773 portus
372 701 537 768 recipiebat:
550 701 600 768 qui
610 704 715 756 nostris
723 703 998 771 navibuspericulum
1068 759 1069 766 χ

189 775 356 834 intulerant,
372 771 406 823 de
417 787 469 838 aue
479 772 580 824 timere
591 774 771 840 cogebantur.
807 775 915 842 itaque,
923 779 999 825 *tcm-

190 847 458 916 perecommutato,
480 846 633 909 tempestas
643 847 674 894 et
684 848 798 896 nostros
809 847 900 907 texit.
913 849 1000 894 etna·
1068 859 1069 894 ;

189 931 241 978 ares
253 912 374 966 Rhodias
383 909 505 973 adflixit,
528 913 569 962 ita
579 923 612 962 ut
622 911 658 964 ad
669 927 753 962 unam
765 925 863 964 omnes
874 917 1000 964 constre-

190 990 248 1047 ηε,
258 995 375 1034 numero
386 981 705 1043 sedecim‚·eliderentur
715 987 745 1032 et
755 979 904 1049 naufragio
914 983 1002 1034 inter·

190 1054 268 1108 irent
283 1056 313 1104 et
324 1067 358 1103 ex
376 1065 478 1118 magno
500 1051 635 1117 remigum
648 1057 942 1118 propugnatorumque
952 1067 1003 1102 nu·

179 1137 271 1184 -mero
283 1136 349 1189 pers
359 1121 397 1172 ad
408 1119 537 1187 scopulos
545 1120 636 1172 adlisa
646 1121 866 1183 interficeretur,
888 1135 952 1186 pars
963 1120 1001 1172 als
1067 1155 1068 1162 κ

191 1190 519 1246 ssestrissietraheretur:
550 1203 726 1260 quosomnes
741 1195 920 1243 conservatos
931 1190 1001 1242 oae-
1069 1225 1070 1232 κ

192 1261 493 1326 sardonumremisit.
695 1308 698 1313 ,

246 1331 378 1387 xxvm.
396 1331 519 1384 Nostrae
529 1345 612 1384 naves
623 1329 705 1394 doec,
719 1329 830 1382 tardior
839 1343 923 1381 eursu
934 1341 1002 1382 con·

146 1437 150 1443 ‚
193 1401 279 1466 tute,
299 1403 328 1454 iu
339 1408 452 1456 uectem
463 1401 620 1466 coniectae,
639 1416 724 1470 quum
735 1402 907 1468 ignorarent,
917 1414 1002 1468 quem

193 1473 288 1528 locum
299 1471 424 1540 reliquae
437 1472 590 1537 cepissent,
619 1476 722 1524 contra
729 1471 840 1522 Lissum
851 1471 880 1521 in
889 1471 1003 1521 ancoris

195 1544 392 1609 constiterunt.
428 1542 500 1603 llas,
525 1539 635 1608 scaphis
652 1542 862 1609 minoribusque
881 1540 1001 1607 navigiis

196 1612 386 1680 conpluribus
395 1611 553 1674 submissis,
575 1610 847 1674 Otaciliuscrassus‚
868 1611 916 1678 qui
926 1609 1002 1662 Lissi

194 1686 341 1752 praeerat,
371 1695 534 1750 expugnare
547 1681 678 1747 parabat:
708 1680 794 1732 simul
810 1680 844 1732 dc
860 1678 1002 1732 deditione

104 1801 108 1816 .
196 1767 294 1808 eorum
306 1752 409 1820 agebat
418 1757 447 1802 et
460 1748 681 1802 incolumitatem
692 1748 796 1801 deditis
806 1749 1002 1817 pollicebatur.

192 1823 305 1876 Harum
317 1822 407 1873 altera
423 1822 499 1871 navis
510 1819 645 1872 ducentos
656 1819 756 1887 viginti
768 1835 803 1872 ex
815 1819 923 1887 legione
933 1819 1002 1870 tiro·

195 1907 262 1944 uum
273 1891 439 1944 sustulerat:
451 1889 540 1942 altem
552 1905 587 1942 ex
597 1895 732 1942 veterane
742 1889 836 1959 paullo
848 1889 939 1940 minus
951 1887 1002 1938 du·

195 1966 302 2014 centos.
337 1960 394 2012 Hic
405 1959 536 2027 cognosci
549 1958 637 2022 licuit,
651 1966 784 2028 quantum
796 1964 872 2012 esset
882 1955 1003 2008 homini·

108 2077 110 2080 .
195 2031 248 2086 bus
262 2030 396 2098 praesidii
418 2031 447 2080 iu
463 2029 549 2080 animi
565 2029 747 2082 lirmitudise.
783 2031 903 2081 Tirones
918 2027 1002 2091 enim,

195 2101 375 2153 multitudine
386 2099 498 2150 navium
509 2101 653 2165 perterriti
665 2105 694 2151 et
703 2099 763 2151 salo
773 2111 1003 2167 uaussaqueeou·

195 2169 274 2234 fecti,
287 2167 469 2223 iureiurando
481 2175 604 2237 accepto,
615 2167 687 2220 nihil.
695 2171 730 2220 iis
742 2169 887 2221 nocituros
895 2167 1003 2231 hostes,

195 2256 227 2294 se
239 2241 358 2294 Otacilio
369 2239 551 2292 dediderunt:
568 2241 615 2308 qui
627 2253 733 2302 omnes,
744 2239 779 2291 ad
790 2253 853 2291 eom
864 2239 1002 2307 producti,

195 2317 295 2363 contra
305 2311 470 2378 religionem
481 2309 663 2363 iurisiurandi
674 2311 702 2361 in
714 2310 773 2361 cius
784 2315 1001 2378 eonspectuera·

196 2379 340 2434 siclissime
349 2381 563 2434 interficiuntur.
594 2380 630 2432 nt
639 2385 788 2432 veteranae
799 2379 919 2449 legionis
930 2377 1001 2429 rnili-

115 2493 118 2502 .
194 2456 249 2515 tes,
269 2453 340 2504 item
350 2450 502 2503 eonllictati
511 2456 540 2503 et
551 2451 730 2516 tempestatis
741 2455 770 2502 et
779 2451 909 2502 mutinae
920 2449 1003 2513 vitiis,

194 2534 286 2588 neque
297 2535 332 2574 ex
345 2521 467 2589 pristina
477 2522 582 2572 virtute
592 2520 790 2572 rearitteuslum
805 2519 912 2590 aliquid
922 2525 1002 2588 puta·

195 2596 309 2654 rerunt3
326 2591 389 2655 sea,
402 2591 558 2644 tractandis
570 2590 776 2644 conditionibus
784 2591 1002 2644 etsirmlatieue

196 2657 348 2711 deditionis
360 2665 488 2714 extracto
500 2663 590 2728 primo
602 2662 691 2714 nectis
703 2667 845 2729 tempore,
865 2662 1001 2732 guberna·

195 2729 288 2784 torsa
298 2729 329 2782 in
340 2735 444 2784 terram
454 2745 553 2786 navem
564 2731 664 2784 eiicere
670 2739 788 2801 cogunt3
798 2734 864 2801 ipsi,·
872 2734 999 2786 leonem
