2150 3124
155 161 190 224 26
343 157 399 208 DE
418 156 564 210 BELLO
585 153 772 209 GALLICO

151 259 257 332 gressi,
271 277 326 315 noa
334 261 419 312 solam
428 259 457 312 in
466 259 535 321 suis,
546 259 683 312 sedetiam
693 259 722 318 in
731 258 959 329 illoramfins'las,
977 297 981 301 -

150 335 308 399 plerumque
319 329 487 396 superarint,
502 328 551 396 qui
561 334 738 396 tarnenpares
748 346 802 382 esse
813 339 905 382 nostro
915 346 959 383 ea·

153 399 253 453 ereitui
268 417 320 452 noa
330 398 479 467 potuerint.
518 397 548 448 Si
562 413 626 464 qaas
640 400 781 451 adversum.
788 399 922 466 proelium
933 407 960 451 et

148 470 225 542 saga
239 471 380 522 Gallorum
390 476 578 529 commoveret,
594 467 653 530 loos,
668 468 693 519 si
702 477 874 536 quaererent,
889 484 960 534 repe·

153 540 209 591 rire
214 555 305 607 porse,
325 537 506 590 diuturnitate
516 536 577 590 belli
587 537 750 610 defatigatis
764 537 864 602 Gallis,
881 537 961 588 Ario·

153 609 267 672 eristum,
278 625 360 677 quum
369 609 465 659 multos
474 622 574 661 rotenses
585 606 683 659 eastris
694 623 721 659 se
731 624 763 659 aa
770 607 914 675 paludibus
924 615 960 658 te-

153 679 269 742 nuisset,
278 695 361 746 neque
371 676 415 728 sui
421 685 584 743 potestatem
589 676 717 748 fecisset,
728 679 896 744 desperantes
906 675 960 728 iano

155 750 187 800 de
196 765 292 818 prugum
309 757 336 800 et
350 747 480 814 dispersos
495 746 582 797 srebito
597 746 736 810 adortum,
757 747 845 816 magia
854 746 961 798 ratione

149 827 184 870 et
193 817 316 878 coasilio,
333 832 414 882 quarn
423 816 538 878 uirtute,
549 815 651 869 uicisse.
689 813 742 866 Oui
751 816 855 869 rationi
865 824 962 868 eontra

157 887 277 940 lsirnines
297 885 427 937 barbaros
446 895 527 951 atque
541 885 678 951 imperitos
692 887 765 936 loeus
774 885 891 957 fuisset,
911 885 963 937 lae

158 974 191 1008 ne
200 957 286 1023 ipsum
297 955 401 1020 quidem
410 971 533 1024 sperare,
544 963 651 1008 nostros
662 956 796 1008 exereitus
809 955 870 1022 oapi
876 971 963 1023 poste.

161 1022 216 1088 Qui
227 1039 307 1091 ,suam
321 1024 444 1076 timorem
459 1025 488 1076 in
498 1023 543 1076 rei
547 1023 755 1095 frumentariae
764 1024 964 1078 simulationem

158 1093 352 1164 angustiasque
361 1093 491 1145 itinerum
501 1093 669 1164 conferrent,
678 1094 776 1165 faeere
785 1095 964 1162 adroganter,

158 1179 240 1230 uuum
255 1171 306 1215 aut
321 1163 352 1214 de
367 1160 458 1228 officio
473 1163 646 1230 insperatoris
656 1163 810 1230 desperare,
829 1171 879 1214 aut
885 1178 965 1230 prue-

157 1231 274 1285 soribere
284 1231 449 1286 uiderentur.
471 1231 547 1284 Haeo
557 1231 610 1283 sibi
621 1249 675 1284 esse
685 1249 766 1285 eurue
772 1249 783 1293 ;
788 1233 965 1304 frumentum
1059 1261 1060 1266 =

160 1303 309 1370 Sequanos,
328 1301 444 1368 Leucas,
461 1301 604 1371 Lingonas
615 1301 838 1363 subministrare;
857 1301 965 1368 iamque

157 1388 213 1426 esse
225 1373 255 1424 in
269 1371 346 1444 agris
355 1373 502 1444 framenta
517 1380 643 1425 matura:
663 1373 694 1424 de
705 1371 803 1427 itinere
811 1372 882 1440 ipsos
892 1369 966 1422 lreoi
1057 1365 1060 1381 ¹

158 1451 276 1508 ternpore
295 1441 471 1496 iudicaturos.
511 1439 653 1503 Quodnon
662 1442 729 1514 fore
744 1441 816 1494 dieto
827 1440 966 1493 audientes

157 1511 354 1592 militumque
364 1513 443 1594 signa
453 1511 540 1563 laturi
549 1511 691 1576 dieantur,
701 1510 771 1565 nittt
779 1528 806 1562 se
816 1528 848 1563 ea
858 1528 887 1562 re
898 1525 967 1566 eous·

157 1598 272 1634 mouera:
291 1598 362 1633 scere
373 1599 457 1644 enom,
477 1581 682 1650 quibuscumque
692 1581 827 1634 eneraitus
837 1579 908 1632 dioto
918 1594 967 1630 au·
1057 1635 1060 1642 ι

157 1651 234 1704 dieas
245 1651 408 1722 nonfuerit,
420 1661 483 1712 aut,
495 1652 563 1701 ortale
574 1658 704 1718 regesta,
714 1651 857 1719 fortunam
867 1647 967 1719 defuis·

158 1735 185 1772 se
191 1737 202 1781 ,·
223 1729 286 1784 aut,
296 1720 386 1787 aliquo
391 1721 520 1800 sueinore
530 1729 674 1785 comperto,
685 1719 833 1771 auaritiam
843 1733 897 1768 esse
907 1733 967 1768 eon-

157 1791 267 1841 uictam.
298 1787 381 1840 Suam
391 1787 570 1841 innocentiam
576 1796 710 1854 perpetua
720 1788 792 1850 uita,
798 1785 967 1858 felicitatem

157 1857 345 1910 Heluetiorum
364 1857 430 1910 lello
445 1873 499 1909 erse
513 1866 690 1924 perspectam.
726 1857 822 1922 ltaque
837 1871 877 1917 se,
897 1855 968 1921 qaod

157 1927 188 1980 in
198 1924 347 1995 longiorem
357 1927 426 1978 diem
437 1929 587 1978 collaturus
597 1935 678 1990 estet,
695 1933 966 1993 repraesentaturum

157 2005 185 2048 et
192 1994 320 2062 proxima
329 2004 405 2070 nocte
414 1997 446 2046 de
456 2005 555 2061 quarta
566 1994 662 2064 uigilia
673 2004 766 2048 eastra
777 2004 924 2057 maturans,
935 2003 967 2046 at

157 2064 363 2132 quamprimum
373 2064 528 2133 intellegere
534 2074 633 2130 posset,
644 2074 736 2116 utruuo
746 2063 820 2132 apud
829 2081 871 2116 eos
876 2065 967 2131 pudor

157 2143 240 2204 utque
256 2133 388 2201 officiam,
408 2151 444 2186 aa
460 2134 660 2186 tiraoroaleret.
701 2132 780 2197 Quod
788 2135 812 2186 si
819 2144 966 2201 praeterea

157 2221 232 2258 nemo
247 2213 389 2270 sepiantur,
408 2213 499 2257 tamen
514 2220 541 2257 se
550 2220 610 2255 eam
621 2206 677 2256 sola
687 2205 789 2256 deairua
798 2203 902 2280 legione
912 2204 967 2255 itu·

158 2290 228 2336 ruas,
238 2273 268 2325 de
278 2289 331 2340 arsa
341 2292 394 2326 non
404 2273 542 2326 dubitaret
547 2290 559 2334 ,·
569 2273 670 2340 sibique
679 2290 739 2325 earn
745 2271 915 2341 praetoriam
925 2290 967 2326 co·

159 2343 265 2396 nortem
273 2343 413 2415 futuram.
451 2343 525 2394 Huic
533 2344 644 2410 legioni
656 2345 759 2396 caesar
774 2344 967 2395 etiodulserat

141 2460 143 2466 ,
161 2415 321 2482 praecipue,
333 2420 362 2465 et
371 2419 485 2482 propter
496 2415 627 2467 virtutem
638 2414 796 2465 confidebat
805 2415 934 2464 araxime.

212 2483 285 2534 XLI.
322 2485 384 2535 Hae
403 2485 530 2534 oratione
551 2481 658 2548 habita,
683 2483 783 2533 mirum
803 2484 831 2534 in
853 2483 965 2533 modum

160 2567 309 2604 eonversao
319 2558 384 2605 sunt
394 2556 516 2606 omnium
528 2560 647 2616 montes,
662 2567 824 2620 summaque
836 2551 966 2603 alacritas

159 2627 190 2674 at
199 2622 335 2688 cupiditas
344 2623 410 2675 belli
421 2623 536 2691 gerendi
546 2625 643 2674 innota
652 2629 709 2686 est,
728 2624 909 2690 princepsque
920 2619 964 2670 do·

160 2691 232 2746 eima
242 2691 315 2760 legio
325 2707 375 2761 per
384 2695 511 2746 tribunos
520 2691 639 2744 militum
650 2694 676 2745 ei
686 2694 792 2763 gratias
801 2692 870 2760 egit,
890 2686 963 2758 quoi
