2134 3148
334 165 590 244 nurnicnno.
814 167 866 224 445

58 268 139 320 riona
155 272 184 318 et
196 265 324 319 nonnulli
340 269 447 319 tirones
464 267 589 320 inerunt:
608 285 678 338 quos
693 267 800 334 Veros,
818 271 865 322 aa·

59 342 184 389 servatos
196 337 257 388 sine
269 339 445 412 contumelia,
457 337 633 391 deducendos
645 342 752 391 curavit
763 340 798 392 ad
809 337 865 392 Sci·

58 409 178 478 pionem.
216 406 270 467 Qui
282 413 426 474 postquam
439 408 473 458 ad
486 425 547 458 cnm
560 416 748 474 pervenerant
760 415 789 461 et
800 415 864 462 erite

60 484 224 547 suggestum
246 477 306 527 eius
324 479 531 540 ,c·onstiterunt‚
558 476 622 530 Noa
642 485 745 540 vestra,
767 481 865 546 inquit,

60 557 154 616 sponte
165 563 224 609 eos,
245 555 318 597 certo
334 546 401 609 scio,
421 547 467 598 ted
476 547 548 598 illias
559 549 684 600 scelerati
695 547 779 600 eeetri
788 547 866 614 impe·

60 615 163 669 tatoris
173 614 290 682 impulsa
303 623 331 667 et
348 615 462 684 imperio
478 627 596 679 coaetos,
616 617 685 670 eines
697 628 724 670 et
740 616 867 686 optimam

61 702 189 754 patentque
209 685 315 754 nefarie
336 686 491 753 ceraseetari.
530 685 737 756 ansqaoniam
748 689 868 760 fortuna

60 757 90 806 in
100 764 220 824 nostram
232 755 330 806 detaiit
334 765 505 822 potestatem,
524 757 556 818 ti,
576 757 606 806 id
614 757 785 830 qaodfaeere
797 756 869 808 deie-

63 825 107 886 tis,
129 824 321 890 rempublicam
333 841 391 876 earo
404 825 504 892 optimo
519 843 620 893 prroqae
635 825 795 897 defendetis,
813 843 868 880 cer-

64 903 74 945 t
79 911 121 944 ara
133 903 181 958 est,
192 895 264 945 eobis
275 894 358 946 eitam
370 905 398 946 et
406 895 548 962 pecaniam
560 898 667 948 donare.
689 895 869 964 Quapropter,

64 964 130 1032 qaid
139 964 478 1035 seatiptis„proloaaimioi.
606 967 609 977 '
854 1006 857 1011 .

117 1033 201 1086 XLV.
213 1029 283 1084 *ti‘a'e
294 1034 389 1085 habita
400 1038 535 1098 oratione,
556 1034 657 1104 Scipio,
679 1052 760 1104 quum
777 1036 860 1088 existi

64 1112 177 1166 mosset,
189 1119 238 1170 pro
249 1121 300 1156 suo
313 1105 447 1156 beneficio
460 1104 521 1156 sine
533 1105 617 1157 dubio
629 1107 663 1157 ab
674 1107 708 1157 iis
718 1106 823 1172 gratias
834 1107 870 1157 si·

5 1189 6 1192 ¹
63 1175 91 1223 bi
104 1181 194 1224 actum
207 1175 251 1236 iri,
262 1179 431 1240 potestatem
442 1176 478 1226 iis
490 1175 600 1226 dicendi
611 1175 685 1227 iecit.
706 1179 747 1227 Ex
757 1178 796 1228 eis
809 1189 870 1225 cen-

63 1247 139 1293 turio
151 1244 270 1310 legionis
284 1250 400 1310 quartae
413 1245 544 1306 decimae,
555 1245 613 1296 Pro
625 1255 682 1307 tao,
693 1246 793 1312 inquit,
803 1260 872 1295 eam·
942 1289 944 1300 ,

63 1329 106 1364 rao
117 1312 253 1384 beneficio,
266 1311 364 1378 Scipio,
376 1315 426 1365 tibi
433 1314 546 1383 gratiae
556 1331 618 1384 ago,
638 1317 703 1376 (aaa
714 1313 782 1366 ertias
792 1313 872 1380 impe·

64 1393 182 1434 retorem
191 1391 218 1432 te
228 1384 344 1450 adpelle)
355 1384 425 1450 qaod
434 1382 499 1435 milti
507 1383 591 1436 eitam
602 1383 872 1451 incolumitatemque,

65 1451 197 1504 territare
208 1463 302 1520 capto,
317 1453 471 1520 polliceris:
490 1463 516 1506 et
530 1453 656 1524 forsitan
667 1453 719 1504 isto
730 1463 821 1504 uterer
833 1451 875 1502 be.

64 1520 171 1591 aefleio,
182 1521 205 1572 si
216 1539 267 1574 noa
277 1521 302 1572 ei
311 1537 440 1574 samaram
450 1525 534 1574 scelat
545 1524 748 1592 adiaogeretar.
777 1521 873 1591 Egone

65 1595 160 1644 cerina
176 1589 328 1655 Caesarem,
344 1591 534 1660 imperatorem
545 1609 640 1656 rrreara,
661 1593 734 1660 apud
744 1608 821 1660 qaam
832 1608 874 1644 or·

65 1661 153 1712 diaeta
165 1661 239 1725 dati,
255 1661 362 1730 eiaepae
374 1664 531 1724 exercitam,
542 1678 595 1730 pro
606 1662 682 1714 ertias
691 1662 826 1727 dignitate
836 1661 873 1712 ei-

65 1731 205 1798 etorioqae
216 1732 331 1800 arreptius
342 1729 432 1784 XXX
439 1731 479 1785 Vr
487 1731 565 1786 anais
576 1733 737 1802 depugnavi,
747 1732 873 1784 adversas

65 1811 240 1869 araratasqae
262 1802 424 1854 consistam?
459 1801 550 1872 Nepae
571 1821 620 1873 ego
645 1803 720 1858 istad
740 1803 872 1875 facturae

65 1887 131 1932 tam,
144 1880 170 1923 et
181 1881 208 1922 te
219 1887 390 1952 magnopere,
403 1874 469 1928 atde
480 1874 590 1943 negotio
601 1874 724 1938 desistas,
735 1873 872 1926 adhortor.

68 1939 171 1993 Contra
187 1941 263 1992 enias
280 1959 348 1994 enam
369 1943 460 2011 copiae
480 1945 634 2009 contendas,
654 1944 680 1996 ei
693 1943 780 1996 minae
791 1953 873 1996 antea

5 2051 8 2066 ,
65 2019 194 2078 expertae
209 2027 244 2075 ee,
267 2011 330 2064 ticet
350 2029 420 2065 nane
440 2031 604 2084 eognoscat.¹
626 2013 709 2086 Elige
721 2031 754 2066 ex
766 2013 820 2066 tais
831 2031 873 2066 eo-

65 2079 170 2132 hortem
181 2097 271 2145 aaartr,
288 2096 367 2146 qaam
376 2093 457 2150 patae
469 2101 523 2136 etse
530 2084 726 2154 strictissimam,
738 2092 765 2134 et
775 2082 873 2136 eonsti-

22 2217 24 2223 ,
65 2161 111 2203 tae
131 2160 228 2202 eontra
248 2167 302 2201 me:
330 2169 379 2220 ego
399 2163 488 2204 eatena
508 2153 621 2206 exeneis
641 2153 874 2212 eernrniiitonibae,

65 2235 129 2288 paor
144 2237 214 2273 nane
229 2219 258 2271 ia
270 2229 318 2272 tao
334 2230 405 2273 tenes
420 2231 574 2289 potestate,
594 2239 647 2276 aea
662 2221 776 2289 amplias
787 2223 874 2275 decern

65 2305 181 2341 santam:
201 2299 266 2342 tanc
278 2307 311 2340 ea
321 2290 423 2351 virtute
434 2302 529 2346 nostra
539 2292 688 2363 intelleges,
702 2291 767 2362 qaid
775 2309 808 2346 ex
818 2289 873 2344 tait

65 2359 149 2428 copiis
160 2375 269 2428 sperare
282 2359 381 2412 debeas.

64 2470 67 2478 .
119 2428 218 2481 XLVI.
238 2427 390 2496 Postquam
401 2429 470 2482 irasc
485 2432 612 2485 centurio
628 2435 768 2500 praesenti
780 2433 872 2484 animo

67 2501 199 2551 adversus
220 2500 378 2566 opinionem
401 2502 465 2566 eius
482 2508 525 2554 est
544 2503 665 2568 locutus,
686 2507 728 2558 ira
752 2503 872 2570 percitus

68 2571 160 2640 Scipio
173 2575 255 2638 atque
267 2571 354 2620 animi
370 2571 467 2624 dolore
485 2573 615 2624 incensus
628 2573 725 2624 adrisit
735 2573 872 2624 centurio-

67 2641 161 2704 nibus,
184 2639 250 2707 quid
266 2638 330 2690 fieri
346 2641 444 2706 vellet3
464 2649 548 2710 atquc
561 2644 722 2712 antepedes
734 2641 871 2694 centurio·

69 2727 131 2764 nem
149 2707 284 2764 interficit
299 2711 478 2785 reliquosque
495 2719 642 2770 veteranos
654 2730 671 2768 a
682 2713 821 2767 tironibus
832 2714 870 2764 io·
