2152 3144
184 213 238 268 330
400 209 456 266 DE
473 213 622 268 BELLO‘
638 209 770 266 civim

236 315 311 370 xm.
334 309 446 380 Caesar,
468 324 617 387 postquam
637 317 799 385 Pompeium
820 311 856 368 ad
875 315 992 385 Aspara·

184 387 261 458 gium
273 402 334 440 esee
345 389 491 472 cognprit,
513 389 612 440 eodem
624 403 685 440 oum
698 387 825 440 exercitu
841 385 993 455 proiectus,

185 456 996 595 iiiiiiissuiitiittiit,itii⁰iiiiuiz¹it

184 598 261 649 niam
276 597 310 649 ad
325 596 488 663 Pompeium
509 599 644 665 pervenit,
662 597 796 664 iuxtaque
817 611 880 648 eum
901 602 994 648 eastra

185 669 279 736 posuit
291 673 320 719 et
331 667 480 734 postridie,
502 667 609 719 eductis
622 667 750 720 omnibus
761 665 861 734 copiis,
882 667 941 716 acie
953 667 993 716 in·

185 743 300 801 structa,
321 736 488 790 decernendi
499 743 668 807 potestatem
681 737 813 803 Pompeio
825 734 901 787 fecit.
937 735 992 789 Vbi

185 808 264 859 illum
275 807 333 859 ruis
345 807 413 858 loeis
425 821 455 858 ee
467 812 564 859 tenere
579 809 700 858 animum
714 806 852 869 advertit,
874 804 992 857 reducto

185 878 215 928 in
230 881 323 936 castra
338 878 473 940 exercitu,
493 877 568 928 aliud
584 879 637 930 sibi
658 875 804 928 consilium
823 875 992 941 capiundum

145 971 152 977 ·
186 946 364 999 existimarit.
400 945 496 1028 ltaque
506 951 621 1012 postero
632 944 676 998 die
689 947 817 998 omnibus
827 947 924 1012 copiis,
936 961 994 998 mu·

185 1029 241 1084 gno
262 1015 387 1077 circuitu,
409 1014 513 1066 diiircili
534 1022 711 1084 angustoque
733 1016 843 1079 itinere,
864 1013 993 1084 Dyrrha·

186 1083 277 1136 chium
289 1082 430 1150 profectus
440 1090 492 1147 est,
504 1100 629 1152 operans,
640 1085 803 1152 Pompeium
810 1090 859 1137 aut
865 1083 992 1151 Dyrrha·

184 1151 276 1206 chium
287 1153 425 1220 compelli,
437 1159 486 1205 aut
496 1156 530 1206 ab
542 1170 576 1207 eo
587 1155 736 1207 intercludi
748 1171 839 1222 posse,
850 1154 924 1222 qood
934 1169 993 1204 om·

75 1223 77 1230 ’
184 1239 248 1275 uem
258 1228 443 1275 commeatum
455 1225 597 1293 totiusque
614 1225 682 1277 belli
702 1224 865 1294 adparatum
878 1239 914 1276 eo
925 1239 992 1275 con·

183 1293 309 1346 tulissetz
329 1301 361 1345 ut
371 1293 480 1345 accidit.
508 1295 656 1361 Pompeius
667 1297 749 1358 enim,
759 1299 848 1363 primo
859 1296 992 1362 ignorans

186 1365 247 1415 eius
268 1364 426 1426 eonsilium,
449 1363 524 1432 quod
539 1364 651 1416 divorso
666 1365 701 1416 ab
717 1381 750 1416 ea
762 1365 875 1433 regione
887 1365 991 1415 itinere

184 1432 343 1502 profectum
353 1433 481 1499 ridebat,
503 1437 641 1503 angustiis
653 1437 696 1486 rei
708 1435 907 1487 immentariae
918 1448 993 1484 com·

184 1504 296 1570 pulsum
308 1503 469 1556 discessisse
481 1505 669 1558 existimabat:
688 1511 794 1573 postea,
804 1520 856 1573 per
866 1504 995 1570 explora·

183 1579 263 1625 tores
274 1573 376 1626 certior
387 1574 488 1638 iactus,
498 1581 611 1642 postero
622 1575 667 1626 die
677 1581 769 1627 castra
778 1577 874 1638 movit,
885 1573 994 1625 brevio·
1067 1631 1073 1651 Ι

184 1657 216 1694 re
227 1645 328 1695 itinere
341 1659 372 1695 re
384 1658 532 1696 occurrere
543 1646 569 1696 ei
581 1659 661 1713 porse
676 1660 800 1712 sperans.
836 1642 918 1706 Quod
929 1641 993 1695 sora

184 1713 340 1780 auspicatus
356 1713 459 1765 Caesar
478 1715 636 1781 militesque
654 1714 828 1776 adhortator,
850 1719 881 1764 ut
899 1727 993 1780 aequo

184 1783 279 1832 animo
299 1782 423 1834 laborem
444 1781 562 1845 ferrent,
582 1798 667 1850 parva
687 1789 767 1851 parte
784 1783 873 1834 noctis
887 1784 993 1834 itinere

182 1851 352 1913 intermisso,
364 1866 446 1902 mane
458 1850 664 1918 Dyrrhachium
675 1854 765 1914 uenit,
774 1866 857 1918 quum
870 1852 994 1917 primum

184 1935 285 1986 agmen
298 1919 422 1988 Pompeii
434 1921 533 1988 procul
542 1926 713 1985 cerneretur,
733 1929 818 1990 atque
837 1921 879 1972 ibi
897 1925 995 1972 eastra

205 1989 286 2041 osuit.
794 2019 817 2046 ·.

184 2002 201 2055 p
237 2058 323 2110 xou.
351 2055 513 2127 Pompeius,
534 2055 704 2111 interclusus
725 2053 921 2128 Dyrrhachio,
942 2055 992 2110 ubi

185 2130 356 2198 propositum
368 2134 467 2182 tenere
479 2144 531 2180 non
545 2132 642 2198 potuit,
652 2129 774 2182 secundo
784 2145 851 2181 usus
863 2127 993 2193 coneilio,

187 2198 263 2250 edito
285 2198 357 2262 loeo,
378 2200 426 2268 qui
444 2199 708 2269 adpellaturl’etra,
729 2199 889 2268 aditumque
907 2197 993 2251 habet

186 2269 302 2320 naribus
317 2269 485 2322 mediocrem
502 2277 645 2338 atqueeas
657 2285 674 2322 a
684 2269 847 2339 quibusdam
868 2269 993 2338 protegit

185 2340 287 2402 uentis,
298 2345 389 2392 eastra
399 2342 558 2392 communit.
595 2341 760 2462 Epsspartem
771 2341 881 2391 navium
894 2339 991 2408 ionga·

186 2421 248 2461 rum
260 2410 422 2473 convenire,
444 2399 625 2464 frumentum*
643 2416 868 2478 ommeatumque
880 2410 915 2461 ab
924 2406 993 2463 Asia

186 2483 271 2545 atque
282 2480 409 2532 omnibus
421 2481 592 2548 regionibus,
608 2493 676 2548 quas
687 2482 810 2544 tenebat,
822 2479 993 2548 comportari

185 2549 316 2614 imperat.
353 2550 465 2614 caesar,
486 2549 599 2617 longior
610 2550 714 2604 bellum
727 2551 839 2603 ductum
851 2551 886 2602 iri
898 2549 994 2603 existi·

186 2629 280 2679 mans,
301 2618 380 2672 etde
395 2619 500 2671 italicis
516 2623 715 2674 commeatibus
732 2621 897 2687 desperans,
917 2617 993 2686 quod

187 2688 267 2734 tanta
278 2683 425 2752 diligentia
441 2692 536 2742 onmia
548 2691 633 2742 litora
643 2706 660 2742 a
670 2690 846 2757 Pompeianis
860 2689 992 2742 teneban-

188 2755 242 2812 tur,
254 2753 412 2824 elaarerque
422 2757 520 2824 ipsius,
540 2775 609 2828 quas
621 2760 712 2814 hieme
724 2763 751 2812 in
763 2759 871 2825 sieilia„
889 2758 996 2820 Gallia..
