2124 3154
232 246 236 258 ¹
289 179 627 235 ursenureusr.
820 181 872 236 aa

14 259 16 296 ᾖ
66 288 162 356 quinta
181 285 265 352 legio,
285 285 408 352 itemque
430 290 527 338 cetera
548 284 654 336 auxilia
670 288 699 338 et
721 283 872 353 equitatus.

64 356 205 412 Proelium
217 355 339 407 clamore
349 353 425 407 facto
436 356 628 406 committitur.

86 453 95 504 s
116 459 217 512 xxxl.
234 460 289 512 Hic
300 459 355 511 etsi
368 461 471 510 virtute
486 461 576 510 nostri
591 457 807 520 antecedebant,
827 456 874 508 ad·

66 529 183 583 versarii
198 545 229 581 se
247 544 262 580 e
278 530 341 581 loco
356 531 502 596 superiore
519 528 708 580 defendebant
731 529 875 588 acerrime,

67 609 95 654 ct
116 599 263 652 vehemens
283 598 369 652 fiebat
392 599 427 650 ab
447 600 573 666 utrisque
595 598 713 660 clausor,
743 596 876 649 telorum·

68 685 121 740 que
136 671 222 732 nnissu
242 683 407 731 concursus,
434 670 487 732 sic,
509 667 542 719 u't
560 683 645 735 prope
667 667 757 719 nostri
772 666 877 719 diffide·

66 739 285 792 reutvictoriae:
305 753 472 806 congressus
494 739 569 790 enim
589 743 618 790 ct
639 737 754 800 clamor,
775 736 875 805 quibus

68 810 152 862 rebus
172 811 292 860 nraxime
316 807 405 861 hostis
426 812 618 872 conterretur,
641 808 671 859 in
692 807 796 858 collatu
817 807 877 872 pari

70 883 149 932 erant
160 878 328 930 conditione.
357 879 456 946 ltaque
468 893 502 930 ex
512 885 632 945 utroque
644 893 746 946 genere
758 892 877 944 pugnae,

68 964 153 1019 quum
166 963 260 1016 parem
272 949 402 1002 virtutem
413 947 448 998 ad
459 947 618 1001 bellandum
630 948 825 1018 contulissent,
839 947 878 1013 pi-

68 1019 159 1071 lorum
181 1019 265 1068 missu
280 1017 338 1070 fura
357 1018 515 1069 consulatur
527 1025 554 1070 et
569 1018 689 1070 concidit
707 1017 891 1069 adversario.

68 1104 130 1141 rum
141 1087 300 1139 multitudo.
337 1085 475 1139 Dextrum
487 1089 739 1140 demonstravimus
749 1087 877 1139 decuma·

68 1174 120 1210 nos
133 1173 220 1210 cornu
228 1157 369 1208 tenuisse:
381 1159 438 1225 qui,
450 1159 503 1209 etsi
515 1157 595 1210 erant
602 1159 696 1225 pauci,
709 1163 804 1208 tamen
815 1169 878 1224 pro·

68 1236 131 1296 pter
142 1229 273 1279 virtutem
290 1239 391 1294 magno
407 1221 581 1280 adversarios
594 1229 694 1279 timore
706 1241 803 1278 eorum
814 1240 865 1292 ope

68 1313 102 1350 ra
116 1295 296 1359 adiiciebant,
316 1297 389 1365 quod
405 1312 422 1348 a
437 1313 488 1350 suo
503 1298 566 1350 loco
583 1293 679 1350 hos'tes
695 1295 878 1348 vehementer
934 1331 935 1336 κ

67 1382 196 1435 premere
207 1374 368 1434 coeperunt,
378 1373 410 1417 ut
419 1367 455 1419 ad
464 1368 625 1430 subsidium,
637 1382 672 1420 ne
683 1367 718 1418 ab
729 1365 819 1417 latere
831 1379 878 1416 no·

68 1439 121 1488 stri
136 1441 316 1503 occuparent,
337 1435 412 1504 legio
428 1436 649 1489 adversariorum
660 1436 802 1488 transduci
814 1448 864 1485 coe

69 1515 118 1575 pta
129 1507 167 1558 sit
177 1507 212 1559 ad
223 1506 359 1557 dextrum.
397 1507 475 1568 Quae
486 1507 570 1558 simul
580 1511 623 1558 est
634 1511 719 1570 mota,
735 1506 876 1574 equitatus

69 1577 198 1629 Caesaris
209 1577 352 1628 sinistrum
363 1591 450 1628 cornu
465 1591 591 1642 premere
607 1579 706 1642 caepit.
740 1575 808 1629 Atii
820 1577 876 1626 exi·

68 1649 125 1699 nnia
146 1647 250 1698 virtute
270 1645 405 1712 proelium
427 1645 519 1698 facere
539 1647 684 1713 incipiunt,
701 1651 735 1696 ut
754 1645 832 1695 locus
846 1645 876 1695 in

68 1720 130 1769 acie
141 1715 176 1767 ad
188 1713 344 1767 subsidium
353 1712 487 1790 veniundi
498 1722 553 1768 non
562 1715 688 1768 daretur.
723 1710 776 1779 lta,
792 1721 876 1781 quum

68 1787 185 1838 clamori
205 1791 279 1837 esset
298 1785 479 1837 intermixtus
499 1786 633 1853 gemitus,
662 1785 875 1853 gladiorumque

68 1857 190 1922 crepitus
201 1849 313 1907 auribus
325 1855 444 1920 oblatus,
465 1857 659 1924 imperitorum
672 1861 778 1908 mentes
789 1855 876 1906 timor
917 1885 920 1889 -

65 1923 274 1996 praepediebat.
303 1923 365 1988 Hic,
374 1933 406 1977 ut
416 1929 456 1978 ait
467 1927 583 1989 Ennius,
594 1921 648 1978 Pes
656 1922 724 1994 pede
729 1923 875 1994 premitur,

66 1996 150 2048 armis
159 2003 284 2047 teruntur
295 2009 382 2058 arnna,
392 1994 623 2064 adversariosque
632 1993 877 2047 vehementissime

86 2071 224 2134 ugnantes
242 2061 333 2117 nos'tri
347 2080 431 2132 agere
447 2072 614 2133 coeperunt,
634 2065 733 2134 quibus
744 2065 874 2132 oppidum

65 2081 122 2186 {uit
133 2133 267 2186 subsidio.
284 2125 318 2184 ln
330 2134 398 2202 ipsis
408 2135 652 2187 Liberalibus'fusi
664 2134 807 2203 fugatique
818 2150 876 2186 uon

66 2203 280 2271 superfuissent,
292 2203 345 2254 nisi
356 2207 383 2254 in
396 2205 557 2256 eumlodu-tn
563 2205 763 2272 confugissent,
774 2218 809 2255 ex
820 2219 875 2324 (ppo

67 2279 150 2326 mant
168 2273 285 2341 egressi.
320 2271 351 2323 ln
368 2289 422 2341 quo
437 2269 551 2340 proelio¹
562 2274 724 2325 ceciderunt
734 2267 811 2324 milia
847 2291 876 2327 o·

66 2346 171 2395 minum
192 2342 303 2393 circiter
322 2341 403 2395 XXX
422 2345 485 2394 etsi
497 2342 563 2410 quid
580 2335 712 2411 amplius:
728 2349 875 2410 *praeterea

65 2414 223 2473 Labienus,
242 2411 335 2463 Attius
345 2413 453 2477 Varus3
472 2413 573 2480 quibus
583 2415 681 2465 occisis
692 2417 819 2480 utrisque
831 2413 873 2465 fu·

65 2499 119 2536 nus
130 2479 303 2534 estfactum:
321 2482 444 2549 itemque
455 2483 562 2551 equites
573 2483 703 2549 Romani,
724 2485 826 2551 partim
837 2497 873 2536 ex

65 2553 144 2613 urbe,
155 2552 258 2618 partim
270 2563 305 2600 ex
315 2553 467 2618 provincia,
477 2552 512 2604 ad
524 2553 602 2637 nupia
611 2555 659 2607 ΙΙΙ.
695 2554 792 2608 Nostri
803 2554 873 2606 desi·

65 2622 158 2676 dero-ti
179 2620 214 2672 ad
227 2616 375 2696 ¹bominum
399 2622 477 2684 mile,
497 2628 597 2689 partrm
618 2625 753 2692 pediturn,
771 2627 873 2690 partim

65 2695 202 2763 equitum,
212 2690 300 2742 saucii
311 2691 345 2744 ad
357 2693 535 2761 quingentos.
552 2695 784 2749 adversariorum
795 2695 870 2748 noui·
