2168 3134
400 127 554 178 LIBER
573 129 594 180 Ι.
845 126 896 180 235

87 227 299 282 necessitatibus
308 227 431 280 aeratae
439 229 563 297 patiare:
580 228 724 282 Caesareus
735 246 836 298 queque
841 246 894 296 pra

87 315 142 350 sua
158 297 297 366 dignitate
311 298 403 350 debere
417 308 444 350 et
459 301 577 350 studium
593 309 620 350 et
634 299 803 352 iracundiam
819 316 894 351 suurn
934 301 939 312 '

88 367 259 434 reipublicae
270 367 420 430 dimittere,
449 385 531 437 aeque
540 369 605 420 adea
616 367 743 438 grauiter
752 368 836 420 irasci
845 369 895 421 ini-

88 436 181 498 micis,
202 453 243 496 ne,
264 436 408 501 quamillis
419 455 550 490 nacerese
561 448 659 506 speret,
677 436 841 505 reipublicae
851 456 895 490 aa·

90 515 166 557 eeat.
199 504 291 557 Pauca
301 506 421 557 eiusdem
433 510 542 574 generis
553 507 638 568 addit,
648 523 709 558 cum
720 510 896 560 excusatione

91 575 221 641 Pompeii
233 577 386 626 coniuncta.
416 577 521 628 Eadem
533 577 591 628 fere
603 585 686 644 atquc
697 577 800 628 eisdem
814 579 897 629 rebus

90 651 210 711 practor-
220 645 333 694 Roscius
345 647 403 710 agit
414 661 474 696 cum
488 649 605 698 Caesare
617 647 723 714 sibique
735 646 895 712 Pompeium

93 729 328 765 commemorasse
340 713 521 766 demonstrat.

149 783 198 834 lx.
220 784 297 845 Quae
311 797 356 834 res
370 787 423 835 etsi
438 784 507 835 nihil
519 783 555 835 ad
565 783 696 836 levandas
711 785 828 835 iniurias
837 801 898 851 per·

92 855 188 903 tinere
200 852 377 904 ridebantur:
402 860 509 917 tamen,
528 854 643 907 idoneos
655 862 753 906 nactus
764 854 897 915 homines,

93 937 149 988 per
159 936 227 988 quos
239 937 279 982 ea,
291 937 371 990 -quas
382 924 477 986 vellet,
493 923 528 974 ad
539 927 601 974 e'um
612 923 812 991 perferrentur,
828 927 898 990 petit

94 993 276 1058 utramnque,
304 992 430 1060 quoniam
439 993 564 1060 Pompeii
574 995 702 1046 mandata
714 995 787 1045 adse
799 994 897 1045 detrde·

94 1061 166 1121 rint,
176 1078 207 1111 ne
215 1070 366 1128 graventur
377 1077 426 1112 sua
437 1078 539 1129 quaque
550 1064 586 1113 ad
594 1079 652 1114 eum
658 1067 800 1130 pustulata
812 1063 898 1134 defer·

96 1147 147 1189 re,·
158 1130 275 1196 siparaa
285 1129 374 1181 labare
385 1147 498 1193 rrraarnas
508 1133 703 1186 controversias
714 1135 898 1199 redderentque

97 1215 200 1250 amnem
212 1198 323 1250 ltaliam
331 1209 404 1251 metu
415 1201 530 1252 liberare
536 1201 658 1268 puniat:
674 1201 725 1252 sibi
735 1217 838 1267 semper
848 1201 899 1253 rer'-

95 1267 222 1336 publicae
229 1268 346 1334 prs'mnm
352 1269 442 1339 fnim
454 1270 622 1339 dignitatem,
632 1271 740 1335 citaque
749 1269 896 1336 potiorem,

98 1336 214 1389 doluisse
224 1354 261 1400 se,
271 1339 342 1402 arrad
347 1339 561 1405 paprdiRemani
570 1337 778 1408 beurrficimnsibi
784 1355 900 1404 percon·

99 1407 237 1458 tumeliam
247 1407 280 1457 ad
289 1406 405 1459 inimicis
423 1413 642 1472 extorqueretur,
671 1417 899 1474 ereptaqueserrre·

98 1478 152 1528 stri
162 1475 283 1544 inmeria,
296 1477 325 1528 in
336 1477 425 1551 urbem
435 1485 629 1540 retraheretur,
645 1476 720 1528 cuius
732 1476 848 1528 absentis
857 1494 900 1528 ra·

99 1547 199 1598 tiaaeru
209 1544 302 1596 dederi
308 1547 443 1612 proximis
454 1547 568 1599 consitiis
574 1548 692 1614 papulus
702 1545 823 1597 irretisset
828 1562 840 1606 ,·
860 1556 899 1598 tn-

100 1632 160 1668 men
170 1615 238 1668 lianc
249 1615 385 1668 iacturam
399 1615 507 1668 donaris
521 1617 564 1668 sui
578 1616 740 1684 reipublicae
751 1632 846 1668 carrusa
857 1633 899 1666 ae·

101 1684 250 1752 arroasiam
261 1684 368 1738 tulisse:
396 1703 476 1754 quum
487 1687 595 1738 litteras
609 1687 646 1738 ad
654 1694 777 1738 senatum
787 1685 899 1746 irriserit,

100 1765 131 1806 nt
142 1769 227 1806 amnes
237 1755 271 1806 alr
282 1755 442 1808 exercitibus
452 1756 631 1819 discederent,
652 1773 684 1808 ne
698 1755 728 1807 id
736 1755 840 1823 quidem
851 1756 898 1806 im·

96 1823 262 1892 petrariae.-
274 1824 422 1877 rarattalia
429 1826 538 1878 dilectus
548 1825 650 1887 haberi,
660 1826 772 1878 retineri
782 1825 899 1890 terriones

101 1896 178 1955 duas,
203 1910 271 1960 areae
282 1894 315 1946 ai
326 1910 352 1945 se
362 1894 532 1949 siarulatiane
541 1896 671 1948 Parthici
681 1896 743 1947 arur·
754 1895 807 1947 siut
818 1895 898 1948 uddu-

102 1974 176 2017 ctae:
197 1963 335 2016 ciuitatem
351 1980 405 2015 esse
419 1965 449 2016 iu
463 1966 552 2017 armis.
590 1965 712 2028 eranam
723 1965 788 2018 lraec
800 1966 899 2026 arania,

100 2033 154 2089 nisi
163 2034 199 2083 ad
205 2049 284 2084 suam
291 2033 452 2100 perniciem,
467 2036 622 2103 pertinere?
643 2035 697 2086 Sed
705 2044 793 2087 tamen
804 2035 840 2084 ad
849 2052 900 2086 arrr-

102 2104 148 2156 nia
159 2118 185 2153 se
195 2103 348 2154 descendere
355 2113 487 2170 paratum
502 2114 583 2171 atque
598 2104 687 2156 amnia
700 2103 763 2170 pati
773 2103 899 2168 reipubli-

103 2189 148 2224 cae
162 2188 265 2224 caussa.
301 2171 501 2237 Praficimatur
517 2173 661 2240 Pompeius
676 2173 776 2224 insuar
790 2172 899 2240 praeiu-

103 2242 174 2302 cias:
202 2241 256 2311 ipsi
274 2242 408 2294 exercitus
428 2241 586 2302 dirnittant,·
614 2242 751 2294 discedant
769 2240 898 2292 initalia

103 2327 189 2364 amnes
198 2312 232 2366 ab
243 2311 325 2362 armis
331 2328 342 2372 ;
370 2319 454 2362 metus
465 2328 478 2360 e
488 2311 599 2363 ciuitate
610 2313 721 2373 tollatur
728 2327 738 2371 ,·
764 2309 847 2361 libera
859 2328 899 2362 ca·

103 2381 180 2437 mitia
190 2391 270 2447 atque
280 2379 363 2433 earnis
374 2379 524 2446 respublica
534 2379 641 2433 senatui
644 2382 797 2447 populoque
803 2377 900 2432 Raura-

102 2469 135 2512 na
142 2451 329 2517 permittatur.
358 2449 435 2502 Haec
445 2465 496 2516 qua
501 2451 617 2522 facilius
627 2450 758 2516 certisque
769 2449 900 2500 canditie-

102 2520 175 2573 nidus
184 2519 260 2590 flant
276 2528 303 2570 et
313 2519 487 2571 iureiurando
506 2520 682 2578 sanciantur,·
710 2526 761 2569 aut
774 2517 830 2585 ipse
839 2535 899 2585 pra-

102 2589 160 2658 pius
171 2591 294 2651 accedat,
314 2599 362 2640 aut
373 2605 400 2641 se
407 2588 537 2656 patiatur
547 2590 685 2641 accedere:
699 2587 777 2660 fure,
794 2587 841 2638 uti
847 2605 900 2656 per

103 2659 228 2728 colloquia
240 2673 328 2711 ornnes
338 2659 535 2713 controversiae
546 2667 749 2728 corruperantur.
