2168 3134
195 192 246 248 lto
385 192 445 245 DE
464 189 604 244 BELLO
623 189 807 246 Gannico

190 299 289 361 stium3
310 296 380 350 nibil
400 297 509 364 publico
530 295 633 347 factum
655 296 772 348 consilio
787 293 996 363 demonstrant3

190 369 386 436 quaestionem·
399 367 433 418 de
450 367 529 417 bonis
546 367 662 432 direptis
678 366 846 432 decernunt3
876 366 997 420 Litavici

189 439 363 505 fratrumque
375 439 449 488 bona
459 437 614 505 publicant3
630 435 738 502 legatos
749 437 785 487 a'd
797 440 942 491 Gaesarem
953 440 998 489 sui

188 508 329 578 purgandi
344 509 436 576 gratia
451 507 574 559 mittunt.
619 506 698 557 llaec
713 505 820 559 iaciunt
831 523 997 576 recuperan-

190 577 290 629 dorum
312 593 425 628 suorum
442 591 551 628 caussa:
572 575 622 626 sed
638 578 821 629 contaminati
832 578 957 630 facinore
968 583 999 628 et

191 649 265 713 capti
282 647 447 713 corripendio
464 661 498 697 ex
514 645 630 711 direptis
646 646 741 709 bonis,
763 648 837 714 quod
854 662 887 698 ea
903 663 949 698 res
960 646 996 696 ad

190 717 293 767 multos
306 718 477 783 pertinebat,
498 722 527 767 et
538 717 639 766 timore
650 729 758 782 poenae
770 719 911 780 exterriti,
931 730 996 768 eon·

189 786 255 837 silla
271 787 341 850 clam
358 787 392 837 de
404 787 478 837 bello
489 787 561 836 inire
572 787 720 851 incipiunt,
741 787 920 854 civitatesque
931 785 996 836 reli·

188 872 257 924 quas
274 856 460 922 legationibus
476 855 639 906 sollicitant.
675 856 753 918 Quae
767 858 884 908 tametsi
893 857 997 907 Caesar

189 926 383 992 intellegebat,
403 930 511 986 tamen,
531 939 613 991 quam
629 925 776 975 mitissime
791 931 899 992 potest,
920 925 995 992 lega·

187 1002 233 1047 tos
245 994 377 1058 adpellat:
394 993 464 1046 nihil
472 1010 499 1046 ae
506 1003 622 1062 propter
630 992 798 1046 commotione
810 994 997 1062 lenitatemque

187 1064 265 1131 crclgi
271 1062 386 1132 gravius
397 1064 428 1115 de
439 1063 553 1116 civitate
563 1063 694 1126 iudicare,
710 1079 793 1132 neque
802 1064 834 1114 de
843 1079 892 1116 tua
903 1062 933 1116 in
944 1064 996 1115 Ae·

189 1135 253 1184 duos
264 1132 444 1185 benevolentia
455 1133 616 1185 deminuere.
652 1134 724 1201 lpse,
740 1135 874 1185 maiorem
886 1133 996 1185 Galliae

188 1211 295 1256 motum
316 1210 496 1270 exspectans,
518 1219 553 1254 ne
575 1204 609 1254 ab
625 1204 751 1255 omnibus
767 1204 927 1255 civitatibus
943 1204 994 1254 cir·

188 1277 414 1338 eunrsisteretur,
439 1274 557 1326 consilia
577 1274 679 1336 inibat,
703 1272 935 1340 quemadmodum
959 1273 994 1324 ab

188 1343 328 1412 Gergovia
339 1343 496 1398 discederet
506 1359 538 1396 ac
548 1358 644 1395 rursus
656 1359 765 1396 omnem
772 1345 924 1394 exercitum
930 1357 994 1393 con·

188 1411 328 1478 traheret3
353 1431 388 1468 ne
399 1415 551 1482 profectio,
577 1419 643 1466 nata
654 1415 688 1466 ab
705 1415 807 1467 timore
819 1411 995 1474 defectionis,

187 1485 287 1535 similis
299 1484 381 1552 fugae
393 1487 545 1538 videretur.
801 1531 804 1541 .

239 1553 337 1606 XLlV.
367 1557 445 1608 llaec
460 1555 596 1622 cogitanti
611 1554 739 1606 accidere
749 1555 808 1604 visa
818 1557 862 1604 est
873 1551 993 1604 facultas

187 1625 258 1675 bene
269 1625 409 1691 gerendae
421 1626 469 1677 rei.
492 1625 563 1676 Nam
576 1640 656 1692 quum
669 1624 777 1676 minora
787 1625 814 1672 in
827 1628 918 1672 castra
928 1636 995 1687 ope·

186 1694 226 1743 ris
248 1695 434 1759 perspiciendi
453 1709 551 1746 caussa
569 1694 706 1755 venisset,
727 1691 923 1744 animadvertit
937 1690 996 1740 col-

186 1761 256 1830 lem,
278 1765 326 1830 qui
347 1764 380 1815 ab
402 1762 527 1814 hostibus
548 1763 708 1824 tenebatur,
729 1762 862 1811 nudatum
875 1758 994 1810 bomini·

187 1832 252 1892 bus,
273 1832 323 1898 qui
342 1833 533 1898 superioribus
555 1832 652 1882 diebus
673 1831 719 1881 vix
734 1844 800 1896 prae
812 1828 991 1879 multitudine

119 1925 121 1934 r
186 1901 263 1952 cerni
279 1906 398 1969 poterat.
434 1903 592 1954 Admiratus
608 1902 716 1968 quaerit
735 1915 770 1951 ex
780 1897 904 1966 perfugis
915 1913 993 1948 caus·

185 1985 256 2034 sani,
272 1986 389 2038 quorum
401 1979 517 2040 magnus
529 1972 564 2022 ad
575 1985 638 2022 eum
649 1969 773 2036 quotidie
785 1983 916 2020 numerus
929 1982 993 2018 con·

185 2039 301 2092 fluebat.
332 2043 485 2093 Constabat
495 2043 569 2092 inter
580 2055 685 2103 omnes,
702 2039 776 2107 quod
787 2041 841 2089 iam
852 2040 911 2104 ipsc
924 2039 992 2088 Cae·-

185 2125 233 2161 sar
254 2126 305 2178 per
325 2112 516 2179 exploratores
532 2115 714 2178 cognoverat,
734 2110 846 2161 dorsum
859 2123 919 2159 esse
932 2108 992 2158 eius

185 2182 246 2248 iugi
261 2196 346 2248 prope
361 2196 492 2251 aequum3
515 2181 565 2232 sed
577 2181 641 2232 bine
652 2180 780 2232 silvestre
791 2185 820 2231 et
831 2183 991 2245 angustum,

187 2255 242 2318 'qua
253 2258 327 2302 esset
338 2252 429 2303 aditus
440 2251 474 2302 ad
484 2251 599 2301 alteram
612 2249 705 2317 oppidi
717 2257 836 2316 partem:
853 2247 918 2298 bule
929 2247 991 2298 loco

186 2319 367 2374 uehementer
377 2321 441 2374 illos
453 2324 565 2384 timere,
587 2336 638 2371 nec
648 2323 703 2370 iam
714 2322 795 2372 aliter
804 2318 919 2378 sentire,
935 2330 991 2366 uno

187 2391 260 2441 colle
277 2393 312 2443 ab
334 2393 464 2444 Romanis
485 2397 633 2458 occupato,
656 2391 679 2439 si
691 2388 809 2442 alterum
821 2388 991 2448 amisissent,

186 2460 253 2524 quin
264 2476 353 2526 paene
365 2461 562 2513 circumvallati
574 2465 658 2530 atque
670 2462 744 2510 omni
756 2459 833 2511 exitu
844 2456 991 2524 etpabula·

186 2531 267 2582 tione
279 2531 425 2584 interclusi
435 2531 610 2583 viderentur:
633 2529 668 2580 ad
680 2531 752 2582 bunc
762 2526 940 2582 muniendum
953 2524 990 2578 lo·

186 2617 248 2656 oum
260 2616 356 2654 omnes
367 2617 383 2652 a
393 2601 621 2671 Vercingetorige
633 2606 770 2652 evocatos.

238 2675 324 2727 XLV.
354 2675 416 2725 Hac
430 2673 597 2740 recognita,
620 2673 722 2724 caesar
738 2671 826 2722 mittit
837 2668 989 2736 complures

188 2745 311 2812 equitum
330 2748 437 2816 turmas
452 2757 486 2796 eo
497 2742 531 2795 de
544 2742 634 2795 media
644 2747 739 2796 nocte:
759 2742 796 2795 iis
806 2743 938 2810 imperat,
958 2741 990 2789 ot
