2152 3132
163 263 165 267 ᾗ
192 189 242 244 rao
377 151 596 246 bassano
616 189 801 246 caniaco

191 297 261 352 rint.
282 295 406 346 inlirmas
422 295 537 348 arbores
553 296 674 364 pondere
690 288 829 367 adllignut'
842 303 929 368 atque
940 317 1000 356 uua

188 366 267 433 ipsae
281 364 438 416 concidunt.

193 449 196 458 ‘
241 435 368 488 xxvnr.
386 436 515 488 Tertium
532 441 575 488 cst
588 452 676 505 genus
693 451 803 500 eorum,
823 439 870 505 qui
886 441 931 490 uri
948 441 998 491 ad-

188 504 337 575 pellantur.
365 505 410 556 lli
431 511 496 556 sunt
516 507 708 578 magnitudine
727 507 820 574 paullo
840 506 915 560 infra
938 510 997 561 ele·

188 575 322 644 phantos3
341 575 432 640 specie
452 581 482 627 et
501 576 596 628 colore
616 583 645 628 et
659 575 756 644 ligura
768 579 851 628 tauri.
886 579 996 646 Magna
1056 620 1060 629 .

187 648 230 696 vis
240 661 336 697 eorum
348 651 377 696 et
387 660 490 713 magna
499 647 645 697 velocitas:
667 662 755 714 neque
766 645 884 709 homini,
901 663 993 716 neque

188 714 275 777 serae,
295 730 377 784 quam
400 717 605 782 conspexerint,
626 721 752 782 parcunt.
788 717 849 767 llos
868 717 993 769 studiose

189 783 277 838 foveis
288 790 382 851 coptos
392 785 571 838 interficiunt.
605 786 669 837 lloc
683 801 714 838 se
725 784 820 838 labore
831 787 934 838 darant
945 786 994 838 ho·

188 856 277 907 mines
291 855 481 906 adolescentes
497 859 581 922 atque
597 852 649 906 hoc
661 870 764 922 genere
779 857 936 907 venationis
947 871 994 908 ex·

188 930 299 985 ercent;
312 930 350 986 et,
362 927 407 990 qui
418 923 554 990 plurimos
565 939 601 974 ex
611 922 654 974 bis
664 923 878 988 interfecerunt,
894 926 993 978 relatis

187 995 217 1044 in
229 994 366 1061 publicum
377 993 515 1054 cornibus,
528 1007 599 1060 quae
610 995 666 1044 sint
675 995 846 1056 testimonio,
863 1011 992 1064 magnam

187 1061 282 1113 ferunt
298 1063 417 1114 laudem.
447 1061 503 1113 Sed
514 1061 682 1114 adsuescere
692 1061 727 1112 ad
738 1062 865 1116 homines
876 1072 906 1116 et
917 1081 992 1117 nran-

187 1134 310 1193 suelieri,
321 1147 356 1183 nc
367 1132 473 1199 parvuli
484 1132 594 1199 quidem
607 1133 724 1199 excepti,
735 1141 860 1200 possunt.
890 1136 991 1201 Arnpli-

148 1257 153 1264 Ἴ,
186 1202 254 1252 tudo
266 1217 400 1254 cornuum
413 1206 441 1252 et
455 1200 547 1270 ligura
559 1207 588 1252 et
599 1202 713 1268 species,
726 1204 841 1254 multum
854 1219 871 1254 a
881 1212 991 1256 nostro·
1063 1203 1065 1258 l

174 1278 248 1322 ‘rum
259 1273 342 1323 boum
353 1272 484 1323 cornibus
495 1268 598 1322 differt.
635 1271 714 1322 llaec
733 1272 859 1324 studiose
879 1277 989 1342 conqui-

186 1344 241 1392 sita
249 1343 283 1393 ab
295 1342 379 1393 labris
389 1347 508 1409 argento
519 1341 737 1392 circumcludunt
747 1349 831 1410 atque
841 1343 869 1393 io
880 1347 988 1411 surplis-

187 1413 263 1463 simis
275 1413 363 1478 epulis
373 1425 423 1478 pro
435 1411 539 1480 poculis
550 1415 676 1462 utuntur.

239 1482 340 1534 xxix.
360 1484 471 1544 Cacsar,
481 1487 626 1548 postquam
639 1496 691 1548 per
699 1481 987 1549 Ubios·exploratores

186 1553 334 1618 crimperit,
355 1551 462 1604 Suevos
476 1567 537 1605 sese
550 1553 577 1601 in
593 1552 675 1602 silvas
696 1554 845 1618 recepisse,
866 1553 987 1618 inopiam

186 1617 323 1673 frumenti
337 1623 454 1682 veritus·
476 1621 564 1687 quod,
583 1627 615 1670 at
630 1635 713 1686 supra
728 1621 988 1684 demonstravimus,

185 1693 299 1742 minime
316 1706 413 1741 omnes
425 1691 560 1741 Germani
576 1689 765 1756 agriculturae
777 1689 903 1753 student,
925 1706 987 1741 cou-

185 1761 285 1820 stituit,
297 1774 350 1809 non
364 1759 494 1826 progredi
505 1759 623 1824 longius:
641 1758 700 1819 sed,
712 1773 747 1809 ne
758 1760 870 1810 omnino
881 1765 988 1812 metum

185 1828 291 1888 reditus
302 1830 343 1878 sni
356 1829 482 1879 barbaris
493 1827 619 1889 tolleret,
637 1833 722 1894 atque
732 1833 765 1877 ut
776 1843 872 1896 eorum
883 1828 987 1884 auxilia

184 1898 318 1959 tardaret,
336 1897 453 1947 reducto
470 1897 607 1958 exercitu,
627 1896 872 1964 partemultiruam
884 1901 986 1964 pontis,

184 1981 255 2035 quae
274 1967 350 2033 ripas
370 1966 501 2016 Ubiorum
522 1967 721 2033 contingebat„
734 1967 762 2015 iu
783 1965 985 2034 longitudinem

184 2037 284 2106 pedu'm
298 2037 341 2087 CC
352 2035 499 2099 rescindit;
517 2040 601 2102 atque
612 2037 642 2084 in
653 2043 780 2088 extremo
791 2042 876 2101 ponte
887 2040 984 2090 turrim
1063 2080 1066 2102 ,

183 2106 374 2158 tabulatorum
392 2112 512 2173 quatuor
529 2103 688 2167 constituit,
709 2105 933 2174 praesidiumque
944 2123 986 2158 co·

184 2177 306 2229 hortium
320 2177 374 2228 llll
392 2176 486 2242 pontis
500 2174 596 2226 tuendi
614 2190 714 2226 caussa
728 2178 807 2242 ponit
822 2179 984 2246 magnisque

183 2246 355 2300 eirm'locnm
366 2246 567 2297 munitionibus
578 2245 680 2295 firmat.
715 2245 749 2295 lii
760 2245 824 2297 loco
835 2249 983 2312 praesidio·

120 2361 126 2380 ,
184 2332 237 2384 que
253 2317 280 2368 C.
296 2316 456 2369 Volcatium
472 2315 585 2366 'l'ullurn
606 2313 815 2367 adolescentem
836 2316 984 2382 praefecit=

183 2389 252 2454 ipse,
261 2401 344 2454 quum
357 2391 547 2436 maturescere
558 2382 701 2435 frumenta
709 2386 873 2451 inciperent,
884 2386 920 2437 ad
928 2388 985 2440 bel·

184 2455 241 2506 lum
254 2456 420 2522 Ambiorigis
435 2453 593 2520 profectus,
612 2457 676 2520 (per
685 2453 861 2506 Arduennam
878 2457 984 2520 silvam,

184 2539 254 2592 quac
267 2530 311 2577 est
320 2523 527 2577 tutiusGalliae
537 2523 663 2584 maxima,
673 2529 756 2592 atque
766 2524 808 2575 ab'
817 2525 885 2591 ripis
895 2525 984 2579 llbcni

182 2591 342 2662 lluibusque
352 2595 534 2645 Trevirorum
544 2593 579 2644 ad
590 2591 851 2661 Nerriospertiuet,
866 2596 984 2647 milibus·

183 2669 237 2727 'que
252 2664 370 2730 amplius
382 2662 407 2713 D
422 2663 450 2712 iu
465 2661 667 2729 longitudinem
683 2667 773 2731 patet)
789 2661 983 2716 Leltlioucium

107 2775 108 2784 ,
183 2729 378 2784 llssilurn'cnm
390 2732 466 2784 omui
476 2733 604 2800 equitatu
613 2734 786 2801 praemittit,
800 2732 902 2800 siquid
913 2734 982 2785 cele·
