2152 3144
131 170 224 232 ‹qu
378 143 434 224 u'n
455 147 744 230 eannocrvrnr

156 291 244 346 quare
254 266 429 343 aliquamdiu
438 289 494 326 non
504 257 634 335 audebat,
650 246 892 339 equitesqueeius,
907 281 959 322 an·

156 346 247 415 gustis
256 347 345 413 portis
356 353 440 412 atque
452 343 494 395 hu
505 359 522 394 a
529 343 656 400 Caesaris
667 338 803 400 militibus,
808 340 969 410 occupatis„

156 415 193 468 ad
214 415 417 484 insequentium
436 413 629 472 tardabantur.
664 412 707 464 lta
722 424 825 476 parrae
841 425 885 462 res
901 425 957 462 mu-

156 499 242 554 gnum
262 485 292 535 iu
312 489 584 554 utramquepartem
601 487 770 533 momentum
789 479 957 532 habueruut.

156 554 333 614 munitiones
344 557 428 617 enim,
442 550 617 610 acastrisad
626 550 730 603 flumen
738 549 899 617 perductae,
916 547 965 600 ex?

158 625 289 694 pugnatis
299 627 356 677 ianr
367 626 466 685 castris
477 622 619 690 Pompeii,
640 623 726 688 prope
737 623 791 672 iam
803 617 974 686 expeditam.

158 695 288 751 caesana
298 694 442 749 victoriam
454 692 717 760 interpellaverunt:
739 689 837 742 eadem
847 703 901 754 res,
918 704 963 740 ce·

124 787 126 790 ·
157 763 272 818 lenitate
286 763 491 834 insequentium
507 762 632 826 tardata,
662 761 767 817 nostris
782 757 962 815 salutemad-

157 835 231 888 sulit.

211 895 310 954 Lxxl.
331 903 449 956 Duobus
461 900 503 953 his
513 901 596 955 unius
611 900 667 954 (liei
677 898 795 968 proeliis
806 900 907 962 caesar
918 896 974 950 (le.

158 972 292 1026 sideravit
306 973 411 1024 milites
420 971 588 1024 Decchx
603 977 631 1022 et
646 978 728 1022 notos
745 971 853 1039 equites
864 970 964 1021 llonra-

158 1057 210 1096 nos
218 1041 393 1110 Felginatem
404 1043 569 1094 Tuticanum
582 1040 702 1104 Gallum,
713 1041 851 1092 senatoris
863 1038 965 1100 tilium,

160 1111 190 1164 C.
201 1111 375 1178 Felginatem
385 1109 543 1173 Placentia,
574 1111 605 1171 A.
615 1109 752 1162 Granium
764 1109 897 1172 Puteolis,
923 1109 963 1160 Μ.

161 1180 362 1240 Sacrativirum
374 1182 481 1248 Capua,
500 1181 641 1242 ,tribunos
652 1180 771 1232 militum
786 1177 965 1232 et'centurio·

159 1266 211 1303 ner
221 1250 335 1304 XXXII.
364 1249 419 1304 Sed
429 1249 528 1304 horum
541 1251 662 1302 omnium
674 1265 738 1316 pars
749 1249 897 1318 magneio
908 1249 973 1300 ion.

159 1321 199 1372 sis
210 1320 464 1390 munitionibusque
476 1327 505 1373 et
515 1320 709 1387 fluminisripis
714 1335 846 1387 oppressa
851 1333 973 1376 suorum,

159 1396 270 1444 terrore
281 1406 314 1444 nc
324 1391 399 1459 fuga,
420 1393 481 1443 sine
492 1391 551 1443 nllo
562 1391 680 1444 vulnere
691 1389 809 1454 interiit,
831 1391 965 1458 signaque

160 1467 226 1518 sunt
237 1461 371 1516 militaria
381 1461 488 1514 XXllll
502 1463 612 1514 amissa.
648 1459 796 1528 Pompeius
813 1474 846 1512 eo
858 1459 965 1526 proelio

159 1531 312 1598 imperator
323 1538 365 1584 est
375 1530 541 1598 adpellatus.
564 1531 628 1582 lloc
638 1546 739 1584 nomeu
750 1530 871 1594 obtinuit
881 1536 966 1597 atque

160 1602 203 1652 ita
212 1616 243 1652 se
253 1606 352 1669 postea
363 1601 479 1662 salutari
492 1616 590 1668 passus
601 1607 657 1664 est3
673 1601 722 1654 sed
734 1602 763 1651 in
773 1599 885 1663 litteris,
896 1612 965 1668 quus

160 1671 283 1730 seribere
299 1676 342 1722 est
356 1671 469 1733 solitus,
500 1686 589 1738 neque
600 1673 629 1721 in
644 1670 764 1723 fascibus
775 1670 895 1738 insignia
905 1669 966 1720 lau·

160 1755 226 1792 reae
237 1739 381 1807 praetulit.
416 1743 452 1794 At
463 1741 619 1801 Labienus,
641 1755 726 1807 quum
741 1740 775 1791 ab
788 1752 821 1792 eo
832 1741 965 1807 impetraff

159 1811 258 1871 risset,
280 1809 374 1860 nisibi
391 1813 511 1875 captivos
522 1809 629 1860 transsli
646 1810 770 1871 iuberet,
792 1822 972 1874 omnespro·‚

160 1876 259 1936 ductos
271 1879 477 1940 ostentationis,
497 1877 694 1940 muniebatur,
716 1891 823 1940 caussa,
838 1891 893 1946 quo
905 1891 964 1928 ma·

159 1948 203 2000 ior
219 1946 354 2014 perfugae
370 1947 439 1999 tides
455 1945 632 2010 baberetur,¹
649 1946 851 2000 commilitones
867 1944 963 2014 adpel-

159 2016 221 2070 lans
229 2023 261 2074 et
271 2031 373 2086 magna
384 2018 532 2069 verborum
545 2016 713 2071 contumelia
722 2019 907 2086 interrogans,
922 2031 962 2068 ro·

147 2085 412 2216 'lateatnerppteraru'
421 2085 643 2158 militerfugere,
671 2087 702 2146 iu
714 2087 837 2140 omnium
847 2101 961 2158 conspe·

160 2163 207 2210 ctu
218 2158 276 2209 inte
314 2159 359 2210 cit.

212 2227 324 2284 Lxxll.
344 2227 397 2280 llis
419 2227 503 2280 rebus
523 2232 634 2280 tantum
655 2225 775 2278 fiduciae
791 2242 825 2280 ae
845 2227 962 2295 spiritns

159 2295 336 2365 Pompeianis
352 2301 481 2362 necessit,
512 2304 613 2356 utnon
629 2297 664 2350 de
680 2297 791 2350 ratione
805 2297 875 2351 belli
890 2295 963 2365 engi-

160 2372 264 2436 tarent,
275 2367 323 2419 sed
334 2369 433 2420 vicisse
444 2369 499 2419 iarn
512 2368 566 2420 sibi
575 2366 743 2420 riderentur.
769 2366 833 2420 Non
843 2367 884 2420 illi
896 2383 961 2436 pou·
974 2415 977 2420 .

159 2437 273 2506 ritatem
285 2443 442 2490 nostrornm
454 2438 583 2500 militnm,
604 2452 660 2489 non
671 2437 846 2508 iniquitatem
856 2437 910 2491 loci
921 2442 964 2490 at·

159 2521 214 2574 que
225 2508 382 2573 angustias,
408 2509 616 2574 praeoccupatis
628 2509 742 2570 castris,
771 2513 800 2560 et
810 2508 962 2574 ancipitem

160 2578 298 2626 terrorem
309 2577 384 2628 intra
394 2583 528 2645 extraque
540 2578 721 2650 mpnitiones,
744 2591 799 2630 non
811 2578 962 2631 abscissum

158 2642 187 2700 m
199 2641 267 2696 duas
279 2645 365 2710 partis
377 2648 636 2714 exercitumquum
648 2646 961 2712 alter-ualterianxiliuru

161 2705 234 2764 ierne
246 2725 301 2764 non
312 2721 417 2781 posset,
428 2724 543 2770 mursae
554 2715 640 2770 fuisse
651 2717 820 2785 cogitabant.
853 2717 914 2774 Non
925 2715 960 2770 no
