2152 3144
151 157 217 229 ω
244 213 245 216 t
367 157 423 210 nu
442 119 740 219 rennuerunt

152 259 272 326 nonest,
284 255 317 314 e'o
327 259 390 313 loco
402 266 570 313 excesserat.
588 261 631 314 lta
642 260 801 328 complures
812 257 873 311 dies
881 273 964 310 man·

149 326 248 400 serant
265 337 369 384 castra:
400 330 576 384 munitiones·
588 328 698 399 quidem
714 331 965 398 integraeomnes

153 408 243 457 erant.
270 419 274 427 ·
303 421 326 428 ·*
494 424 497 432 ·
887 413 890 421 ·

207 469 394 533 [lxvii-Eo,
414 469 496 538 signo
512 470 634 538 legionis
651 469 747 531 illato,
768 468 966 536 speculatores

156 541 271 595 Caesari
282 541 492 592 renuncierunt.
528 540 591 591 lloc
600 540 675 592 idem
686 539 775 591 risum
788 554 823 590 ex
834 537 966 606 superio·
981 573 982 576 ,

155 613 234 666 ribus
246 609 410 677 quibusdam
426 610 549 662 castellis
567 611 809 662 confirmaverant.
844 607 965 660 lslocus

157 683 257 733 aberat
271 693 288 730 a
304 679 383 730 noris
395 678 524 746 Pompeii·
536 681 636 731 castris
648 679 761 732 circiter
771 693 870 746 passus
882 677 966 744 quin·

157 755 267 820 gentos.
298 748 528 817 Hanelegionem
540 763 654 818 sperans
667 751 769 802 Caesar
780 763 811 800 se
822 748 966 814 opprime·

157 836 190 874 re
201 833 297 886 posse,
327 818 479 886 etcupiens
492 820 551 870 eius
566 820 626 872 dici
634 820 832 872 detrimentum
848 817 967 879 sarcire,

118 911 119 914 ¹
158 886 274 957 reliquit
283 888 313 938 in
326 901 410 954 opere
418 887 549 940 cohortes
561 888 639 952 duas,
661 904 731 956 quae
743 889 862 956 speciem
873 886 967 937 muni·

159 959 247 1013 tionis
261 956 436 1023 praeberent:
453 957 514 1025 ipse
526 958 638 1012 diuerso
649 959 760 1022 itincre,
778 972 859 1026 quam
870 955 968 1025 potuit

160 1027 357 1087 ocurltissime,
376 1026 500 1094 reliquas
511 1027 658 1093 cohortes,
679 1041 794 1079 numero
805 1032 863 1078 tres
875 1030 904 1087 et
915 1025 966 1075 tri-
1060 1053 1061 1062 ÷

160 1099 253 1168 ginta·
262 1095 292 1146 in
304 1096 402 1163 quihus
414 1103 478 1149 erat
486 1098 654 1166 legionona,
670 1097 767 1148 multis
778 1096 889 1148 emissis
900 1093 968 1146 ceu·
1060 1135 1061 1167 ἦ

159 1164 333 1229 ίυῑίοιιὶὺυε,,
349 1166 545 1236 deminutoque
556 1168 678 1220 nlilitum
689 1178 816 1229 numero,
831 1164 867 1216 ad
878 1165 967 1233 legio-

159 1235 362 1302 neareonpcii
379 1242 526 1304 castraque
543 1239 652 1289 minora
667 1237 773 1306 duplici
786 1237 847 1288 acie
857 1234 964 1287 eduxit.
1060 1257 1061 1260 =

159 1306 261 1374 Neque
277 1321 340 1358 eum
357 1307 448 1373 prima
459 1307 555 1374 opinio
566 1307 679 1376 fefellit.
715 1305 785 1359 Nam
797 1312 828 1358 et
837 1302 968 1373 pervenit

160 1377 254 1446 prius,
284 1389 365 1442 quarn
377 1375 526 1444 Pompeius
537 1378 643 1430 sentire
654 1384 763 1446 posset:
790 1382 828 1441 et,
852 1373 969 1426 tametsi

162 1453 244 1500 erant
253 1446 425 1498 munitiones
436 1453 591 1499 castrorum
602 1463 727 1514 magnae,
742 1454 840 1499 tamen·
848 1445 965 1497 sinistro

162 1531 264 1578 cornu,
290 1515 338 1566 ubi
350 1521 412 1568 erat
422 1517 498 1585 ipse,
520 1517 650 1569 celeriter
661 1517 810 1584 adgressus
822 1514 967 1583 Pompeia·

161 1602 215 1638 nos
225 1600 261 1638 ex
270 1585 344 1637 vallo
356 1585 523 1638 deturbavit.
541 1589 610 1638 Erat
620 1587 746 1637 obiectus
757 1586 846 1652 portis
853 1585 964 1637 ericius.

162 1655 219 1708 llic
230 1655 390 1721 paullisper·
400 1662 443 1705 est
453 1661 620 1724 pugnaturn,
652 1669 736 1720 quum
751 1655 905 1720 irrumpere
916 1667 964 1703 no-

161 1723 418 1783 striconarentur‚.
435 1725 481 1775 illi
492 1721 586 1776 eastre
596 1723 792 1784 defenderent,
812 1721 964 1773 fortissime

161 1791 195 1844 Τ.
207 1792 354 1854 Pullione‚‘
367 1794 446 1844 cuius
457 1808 543 1860 opera
553 1793 694 1859 proditum
705 1792 859 1844 exercitum
871 1791 899 1840 C.
912 1792 964 1842 An·

160 1860 505 1926 toniidemonstrarimus‚
516 1877 531 1914 e
542 1862 604 1914 loeo
616 1866 821 1929 propugnante.
858 1858 911 1910 Sed
922 1864 963 1912 te·

160 1945 226 1982 men
237 1931 329 1980 nostri
337 1931 438 1984 uirtute
449 1933 589 1983 vicerunt:
608 1931 756 1998 excisoque
767 1930 864 1992 ericio,
874 1929 962 1995 ptimo

161 2001 192 2054 in
204 2000 311 2050 maiora
321 2005 423 2064 castra,
442 2007 508 2069 post
517 2003 601 2053 etiam
612 2002 642 2052 in
651 1998 806 2063 castellum,
821 1997 898 2068 quod
904 2003 964 2051 erat

161 2069 299 2122 inclusum
311 2070 464 2123 nlaioribus
474 2071 589 2135 castris,
609 2071 772 2139 irruperunt
783 2076 824 2133 et,
846 2068 919 2138 quod
930 2082 961 2121 eo

161 2141 242 2207 pulsa
253 2138 328 2208 legio
339 2155 402 2192 sese
413 2147 571 2209 receperat,
597 2139 746 2194 nonnullos
758 2141 798 2193 ibi
808 2153 962 2208 repugnari·
1060 2205 1061 2218 χ

161 2217 210 2262 tes
222 2210 434 2262 interfecerunt.

204 2277 344 2331 exvlu.
362 2273 417 2332 Sed
439 2281 566 2346 sormna,
601 2296 672 2350 quae
691 2281 839 2348 plurimum
859 2283 960 2347 potest,

163 2363 246 2418 quum
258 2350 287 2402 in
299 2351 414 2418 reliquis
424 2353 516 2417 rebus,
531 2359 589 2403 tum
601 2353 751 2421 praecipue
760 2352 789 2402 in
801 2349 886 2412 bello,
902 2362 960 2416 par·

160 2419 204 2470 ris
216 2421 370 2470 momentis
380 2436 496 2490 magnas
511 2437 604 2475 rerum
621 2420 853 2490 commutationes
869 2417 961 2471 eflicit:

160 2492 261 2538 nttum
272 2489 381 2540 accidit.
416 2491 619 2555 diffinitionem,
639 2506 719 2560 quam
734 2491 877 2558 pertinere
894 2501 961 2540 aea·

160 2557 226 2620 attis
238 2557 272 2607 ad
284 2556 386 2609 llumen
403 2575 488 2628 supra
498 2560 762 2624 demonstrauimus,
792 2558 885 2612 dextri
897 2558 960 2609 Cae·

160 2625 329 2684 sar-iacornu
342 2627 485 2694 cohortes,
505 2631 743 2699 ignorantialoci,
764 2635 829 2682 sunt
839 2633 958 2682 secutae·

159 2704 243 2758 quum
254 2700 361 2760 portam
368 2707 538 2764 quaererent
547 2707 824 2768 castrorumqueeam
833 2697 957 2750 munitio-
