2150 3124
170 177 204 236 aa
356 171 577 226 panormo
605 167 787 224 olunrco
870 130 875 139 κ

170 277 384 347 longissimeque
405 277 506 328 absint:
526 275 579 328 XV
600 275 676 327 milia
689 277 847 328 Atrebates:
869 277 979 328 ambia-

170 364 221 400 nos
238 347 363 402 Xmilio:
384 347 509 398 Morinos
524 347 603 398 XXV
614 346 704 396 milia:
723 346 866 412 Menapios
877 347 979 405 rxnu-
1026 387 1027 390 ,

164 415 221 470 lia:
251 417 362 468 Caletos
381 415 508 468 Xmilia:
537 415 700 482 velocasses
715 419 745 466 ct
762 416 978 468 Veronraoduoe
1060 443 1061 482 3

170 487 299 538 totidem:
320 485 478 542 Aduatucos
487 484 580 536 XlllX
590 485 680 547 milia,
692 485 859 547 Grndrnsos,
871 484 984 537 Rhuro-
1060 488 1061 542 i

170 557 407 618 nes,‚Caeraosos,
420 555 584 615 Petarenos,
598 556 644 624 qui
656 570 710 605 uno
721 557 831 606 nonrine
842 555 978 606 Germani

171 625 360 690 adpellaotur‚
371 625 501 676 arbitrari
512 624 547 674 ad
558 624 608 676 XL
621 625 703 676 milia.

224 694 257 754 V.
294 695 405 755 Caesar,
414 695 513 746 Remos
523 692 685 744 cohortatus
696 693 904 760 liberaliterque
915 707 979 744 ora·

171 766 247 816 tione
267 769 441 830 prosecutus,
462 778 570 814 ornnem
584 769 710 814 senatum
727 764 762 814 ad
777 779 806 814 se
822 763 978 825 convenire,

171 835 380 902 principumque
404 832 505 884 liberos
530 833 640 882 obsides
664 833 700 883 ad
720 847 750 883 se
769 833 867 883 adduci
888 834 978 894 iussit,

172 903 348 967 Quaeomnia
354 902 387 952 ab
399 900 440 952 his
452 901 600 966 diligenter
610 901 726 952 ad-diem
739 901 894 952 factasunt.
906 901 979 967 lpse,

171 973 341 1027 Divitiacum
352 969 476 1023 Aeduum
492 985 591 1037 magno
602 981 686 1036 opere
697 969 872 1033 cohortatus,
888 971 978 1034 docet,

173 1045 277 1108 quanto
289 1053 371 1105 opere
381 1039 422 1090 roi
433 1039 559 1105 publicae
570 1042 777 1107 conrmunisque
787 1040 884 1091 salutis
893 1041 979 1090 inter-

171 1111 221 1170 sit,
241 1124 338 1159 maous
355 1106 475 1158 hostium
488 1108 629 1172 distineri,
649 1125 683 1160 ne
694 1125 753 1160 oum
766 1114 845 1161 tanta
855 1110 979 1160 multitu-

173 1179 237 1233 dine
247 1193 303 1228 uno
312 1183 437 1243 tempore
448 1177 649 1244 eontligeodum
660 1181 706 1229 sit.
741 1177 772 1229 ld
783 1180 843 1230 lieri
854 1195 944 1246 posse,
954 1179 979 1229 si

173 1263 239 1300 suas
249 1247 432 1313 eopiashedui
442 1247 471 1297 in
480 1248 762 1299 tinesBellovacorum
774 1249 979 1301 introduxerint
1001 1279 1004 1288 ι

174 1323 204 1371 et
224 1331 320 1368 eorum
339 1330 421 1384 agros
440 1317 567 1383 populari
584 1320 733 1384 coeperint.
769 1319 821 1369 ilis
832 1319 980 1380 mandatis,

174 1402 238 1440 eum
255 1388 289 1438 ab
304 1401 333 1441 se
351 1385 475 1439 dimittit.
510 1386 659 1455 Postquam
671 1403 765 1438 ornnes
775 1388 924 1454 Belgarum
935 1403 979 1438 co-

173 1457 234 1524 pias
244 1457 272 1506 in
283 1471 369 1508 unum
379 1456 471 1508 locum
481 1461 589 1508 coactas
601 1456 635 1507 ad
646 1471 676 1508 se
686 1459 778 1508 venire
789 1459 869 1519 vidit,
889 1463 984 1524 ireque

172 1527 231 1580 iam
248 1525 331 1593 longe
346 1527 442 1578 abesse
458 1527 492 1578 ab
504 1525 555 1589 iris,
575 1527 645 1594 quos
655 1529 780 1590 miserat,
801 1527 980 1595 exploratori-

175 1597 228 1650 bas
238 1599 267 1646 et
277 1595 311 1648 ab
324 1596 414 1646 Remis
426 1597 564 1663 cognorit,
586 1595 685 1647 llumen
696 1598 832 1658 Axonam,
853 1596 925 1663 quod
937 1603 980 1646 est

175 1666 204 1715 io
217 1667 347 1716 extremis
357 1663 504 1716 Remorum
516 1666 629 1729 linibus,
640 1667 789 1716 exereitum
800 1664 979 1716 transducere

176 1735 327 1784 maturarit
345 1739 428 1800 atque
441 1735 480 1784 ibi
490 1739 580 1784 castra
589 1735 690 1799 posuit.
726 1735 803 1795 Quae
814 1749 858 1785 res
869 1739 897 1784 et
908 1733 979 1783 latus

176 1817 262 1853 unum
273 1807 426 1852 castrorum
438 1804 505 1868 ripis
515 1802 635 1854 fluminis
645 1803 787 1853 muniebat
797 1808 833 1866 et,
845 1808 907 1868 post
917 1817 979 1852 eum

177 1886 248 1936 quae
263 1875 369 1932 essent,
388 1876 450 1921 tuta
464 1873 498 1922 ab
510 1870 634 1923 hostibus
644 1872 779 1923 reddebat
789 1878 827 1935 et,
848 1886 979 1922 commea-

177 1950 222 1990 tus
237 1940 271 1994 ab
283 1939 375 1998 Remis
389 1939 558 2009 reliquisque
572 1942 731 1992 civitatibus
746 1946 777 1991 ut
786 1943 844 1992 sine
855 1941 978 2007 periculo

175 2008 211 2060 ad
231 2023 295 2060 eum
314 2011 420 2074 portari
439 2016 563 2075 possent,
584 2011 726 2062 efficiebat.
763 2011 793 2062 ln
813 2025 845 2062 eo
867 2009 979 2062 flumina

176 2093 244 2146 pons
265 2083 335 2130 erat.
370 2079 412 2130 lbi
431 2079 598 2144 praesidium
616 2081 696 2145 ponit
714 2085 743 2131 et
758 2082 786 2130 in
801 2081 978 2146 alteraparte

176 2147 296 2200 llumiuis
307 2149 339 2210 Q.
351 2149 488 2206 Titurium
499 2149 645 2210 Sabinum,
657 2148 791 2216 legatum,
807 2166 867 2201 curn
879 2165 927 2200 sex
937 2164 978 2199 co-

176 2215 304 2270 hortibus
314 2217 456 2285 relinquit:
476 2220 604 2269 eastreia
616 2219 788 2271 altitudinem
801 2220 902 2285 pedum
913 2219 977 2270 duo-

177 2287 267 2408 ἀεξὶηι
283 2286 372 2350 vallo,
392 2285 522 2356 fossaque
533 2288 724 2356 duodeviginti
741 2289 852 2355 pedum,
872 2291 977 2345 nrunire

178 2357 205 2408 iu
226 2362 262 2410 et.
319 2405 321 2412 ,
363 2373 368 2387 ’

234 2427 279 2480 Vl.
313 2428 353 2479 llb
369 2423 411 2478 his
427 2429 524 2480 eastris
541 2428 672 2495 oppidum
686 2430 849 2490 Remorum,
869 2422 976 2478 nomine
1060 2423 1061 2466 ἶ

178 2494 297 2558 Bibrax,
317 2498 413 2548 aberat
432 2497 509 2548 milio
528 2513 658 2564 passuum
677 2497 751 2551 Vlll.
787 2498 819 2550 ld
836 2499 976 2548 exitinere

179 2579 278 2630 magno
295 2567 400 2632 impetu
410 2567 514 2636 Belgae
530 2582 690 2636 oppugnare
699 2572 858 2635 coeperunt.
892 2567 976 2632 Aegro

179 2633 267 2684 codic
279 2641 465 2688 sustentatum
477 2645 531 2690 est.¹
564 2637 708 2689 Gallorum
720 2639 815 2690 cadem
827 2643 909 2703 atque
918 2631 978 2686 Bel-

179 2716 276 2769 garum
287 2707 457 2772 oppugnatio
467 2712 510 2760 est
518 2705 596 2760 haec.
631 2708 695 2771 ilbi,
706 2709 880 2762 circumiecta
891 2703 977 2756 multi·
