2152 3144
256 165 657 238 *auaxnuoeruo
823 163 875 222 aas

77 269 162 325 sulam
172 269 303 338 cepisset.
340 271 378 323 Ao
387 271 476 336 primo
485 269 620 336 impetum
632 274 792 320 nostrorum
803 269 878 335 pari·

76 345 118 392 ter
127 339 338 391 sustinuerunt:
358 354 414 390 uiro
430 341 502 390 enim
517 345 642 406 ternpore
654 343 682 390 et
693 352 728 388 ex
739 339 822 388 tectis
832 353 878 388 ae-

76 407 231 460 dificiorum
246 410 472 476 propugnabant,
493 413 522 460 et
537 410 622 459 litora
637 407 736 458 armati
748 405 878 458 defende-

77 479 154 542 bant3
202 493 238 530 uo
254 486 369 545 propter
385 479 566 546 asperitatem
584 478 638 528 loci
650 493 705 527 non
728 475 818 526 facilis
829 490 878 528 no·

77 551 142 601 stris
165 495 258 600 alitus
274 548 406 610 dabatur3
426 553 454 599 et
473 546 581 614 scaphis
596 548 765 612 naribusque
784 545 878 612 longis

77 618 196 684 quinque
206 617 348 670 mobiliter
362 623 392 668 et
403 618 530 669 scienter¹
539 618 682 684 angustias
698 616 751 666 loci
764 615 879 666 tueban-

76 693 130 736 tur.
168 685 222 738 Sed
238 687 298 748 ubi,
320 689 438 756 primum
454 687 522 740 locis
538 688 657 754 cognitis
671 685 804 752 vadisque
815 699 878 752 per-

76 758 201 818 tentatis,
219 759 299 822 pauci
320 757 412 808 nostri
433 758 565 809 inlitora
587 759 773 808 constiterunt
794 762 877 822 atque

76 823 127 876 hos
138 831 204 876 sunt
214 827 261 877 alii
272 827 423 890 subsecuti,
443 833 658 894 constanterque
667 827 702 876 'in
713 839 771 888 eos,
792 827 837 892 qui
849 826 877 874 in

75 893 160 946 litore
174 910 263 964 aequo
280 899 448 959 institerant,
469 897 604 963 impetum
621 895 761 960 fecerunt;
781 910 877 946 omnes

76 962 206 1016 Pharitae
221 972 302 1034 terga
318 972 469 1018 verterunt.
504 962 556 1018 llis
569 966 656 1032 pulsis
672 965 799 1018 custodia
815 979 877 1031 por·

75 1039 121 1084 tus
132 1034 238 1098 relicta,
256 1035 292 1086 ud
308 1036 396 1089 litora
410 1042 438 1088 et
448 1037 537 1087 vicum
553 1036 771 1103 adplicaverunt,
791 1047 877 1102 seque

67 1115 112 1167 ‚ex
123 1105 239 1156 naribus
250 1104 285 1156 ad
296 1107 401 1158 tuenda
412 1106 539 1158 aedificia
550 1106 699 1157 eiecerunt.

125 1173 228 1227 XVlll.
247 1175 343 1244 Neque
355 1191 421 1228 vero
433 1177 538 1228 diutius
551 1174 625 1242 [ipsi]
639 1191 672 1227 ea
681 1175 836 1238 munitione
847 1188 879 1225 se

74 1243 219 1297 continere
233 1251 396 1312 potuerunt:
416 1247 471 1296 etsi
483 1252 545 1298 erat
561 1260 616 1296 uon
633 1244 776 1307 dissimile,
794 1250 878 1310 atque

64 1312 273 1378 Alexandriae,
285 1329 373 1382 genus
387 1315 586 1379 aedificiorum,
604 1320 636 1366 ut
647 1315 755 1366 minora
765 1313 877 1364 maiori·
939 1321 941 1327 ⁴

62 1383 126 1449 ,bus
139 1383 329 1448 conferantur,
341 1390 487 1451 turresque
500 1385 594 1436 editae
607 1391 635 1434 et
646 1386 809 1434 coniunctae
821 1397 878 1432 mu·

72 1455 99 1504 ri
119 1451 212 1505 locum
232 1455 406 1507 obtinebant:
425 1469 515 1521 oeque
534 1456 625 1506 nostri
645 1460 694 1504 aut
714 1452 808 1514 scalis,
829 1457 878 1502 aut

74 1523 209 1586 cratibus,
230 1529 279 1576 aut
293 1523 410 1592 reliquis
428 1523 512 1576 rebus
527 1524 619 1590 parati
634 1529 766 1574 venerant
781 1521 816 1572 ad
832 1537 878 1589 op·

61 1592 265 1714 pugnandum.
302 1592 357 1646 Sed
372 1600 465 1646 terror
481 1591 640 1645 hominibus
657 1590 777 1646 mentem
789 1593 877 1644 eonsi-

62 1727 63 1732 ,
86 1664 197 1732 iumque
209 1664 293 1730 eripit
307 1669 336 1716 et
349 1665 473 1715 membra
484 1663 626 1714 debilitat:
646 1667 678 1716 ut
693 1668 760 1713 tunc
770 1661 877 1714 accidit.

62 1731 130 1795 ,oui
141 1748 171 1784 se
182 1735 212 1784 in
222 1749 310 1803 aequo
322 1733 383 1785 loco
395 1749 426 1784 ac
437 1733 607 1801 planopares
618 1748 680 1785 esse
691 1733 878 1796 conridebant,

71 1803 168 1866 iidem,
188 1803 337 1872 perterriti
354 1802 545 1871 fugasuorum
567 1809 596 1854 et
611 1803 696 1854 caede
717 1818 877 1870 paucorum,

61 1873 192 1942 ,triginta
202 1874 305 1942 pedum
316 1873 468 1925 altitudine
479 1875 508 1924 in
519 1871 655 1926 aedificiis
666 1876 819 1926 consistere
831 1889 877 1924 aa·

71 1943 99 1994 si
109 1959 165 1996 non
174 1950 253 2007 surrt,
273 1959 359 2011 seque
373 1958 422 2010 per
434 1944 536 1996 molem
546 1944 574 1994 in
590 1959 668 1994 mare
679 1945 878 2010 praecipitave-

71 2018 140 2070 runt
156 2018 184 2066 et
200 2014 423 2080 octingentorum
440 2029 571 2082 passuum
587 2013 735 2064 intervallo
750 2011 786 2063 ad
801 2013 876 2079 oppi-
941 2027 944 2034 ·

72 2082 139 2134 dum
151 2089 341 2135 enataverunt.
377 2083 462 2135 Multi
477 2089 571 2136 tamen
584 2089 618 2135 eit
632 2084 666 2132 iis
678 2083 752 2149 capti
762 2081 878 2134 interfe-

72 2153 168 2220 ctique
189 2157 263 2215 sunt,
281 2152 331 2206 sed
351 2168 484 2205 numerus
505 2153 676 2220 captivorum
700 2150 877 2204 omniuoluit

70 2221 202 2342 ΒΟἒῦΧ.
221 2291 331 2353 Caesar,
344 2290 447 2358 praeda
456 2289 592 2342 militibus
598 2305 737 2354 concessa,
749 2265 877 2343 aedilicia

65 2361 159 2430 diripi
169 2360 265 2423 iussit,
284 2359 487 2426 castellumque
504 2360 538 2411 ad
555 2367 681 2426 pontem,
702 2362 748 2428 qui
763 2363 877 2426 propior

72 2437 136 2484 erat
147 2429 248 2492 Plraro,
259 2430 437 2482 corumunirit
448 2436 531 2496 atque
542 2431 580 2482 ibi
591 2431 762 2496 praesidium
773 2431 875 2496 posuit.

65 2501 157 2554 ,Huric
178 2499 245 2567 luga
264 2498 398 2550 Pharitae
419 2499 605 2566 reliquerant;
628 2500 775 2552 fortiorem
797 2499 875 2552 illum

70 2571 286 2638 propioremque
302 2570 404 2636 oppido
423 2569 604 2622 Alexandrini
624 2571 783 2622 tuebantur.
819 2571 876 2624 Sed

64 2635 136 2694 veum
148 2646 261 2706 postero
272 2640 317 2692 die
328 2640 414 2691 simili
424 2640 534 2691 ratione
545 2640 717 2707 adgreditur,
728 2640 812 2710 quod,
832 2637 876 2692 his

70 2712 195 2766 obtentis
217 2711 333 2776 duobus,
354 2724 465 2766 omnem
483 2711 658 2780 nauigiorum
678 2727 824 2766 excursum
847 2717 875 2764 et
