2152 3132
178 167 215 222 94
360 167 417 222 DE
443 167 585 223 Baubo
614 167 797 224 Gothico

178 270 242 322 dum
258 272 352 324 mittit
360 271 518 339 retrahique
533 275 662 340 imperat:
686 274 778 326 sirim
794 251 880 326 faciit
890 283 986 344 noque
1055 324 1056 329 ,

175 346 287 409 pareat,
305 343 424 394 interfici
434 342 525 394 iubet:
547 341 616 395 nibil
627 341 700 396 bunc
710 358 740 396 se
751 345 865 396 absente
876 358 926 410 pro
937 359 982 396 so·

175 423 213 460 no
225 408 362 462 facturum
374 411 536 476 arbitratus,
553 414 599 480 qui
612 415 765 480 praesentis
776 414 920 480 imperium
932 428 980 466 no-

176 479 317 548 gienissot
351 480 404 533 lile
419 483 491 533 enim
508 488 653 535 revocatus
669 481 800 536 resistere
812 498 844 535 ac
854 499 885 535 se
895 497 982 536 manu·

176 548 326 601 defendere
342 565 509 619 suorumque
520 553 601 604 iidem
613 553 762 620 implorare
774 554 879 618 eoepit,
894 566 979 618 saepe

175 618 335 682 clamitans,
352 618 481 673 [siderum
495 638 523 673 te
536 621 686 691 liberaeque
695 621 817 675 deitatis
826 637 890 675 erre.
924 621 981 684 liii,

174 694 206 739 ut
217 694 277 740 erat
288 691 463 756 imperatum,
480 693 685 743 circumsistunt
695 691 835 744 bominem
846 697 929 760 atque
939 693 981 742 in·

144 756 149 766 ‘
173 759 328 822 teriieiunt3
350 765 381 810 at
394 760 483 812 Aedui
499 763 606 829 equites
620 761 656 812 ad
671 762 980 816 cremonensium

173 833 328 880 vertuntur.

209 897 282 950 vlu.
300 898 352 949 ldis
362 897 446 950 rebus
457 900 551 965 gestis,
568 899 693 954 Labieno
703 900 733 951 in
744 901 904 952 continente
916 915 980 952 eum

173 968 263 1018 tribus
278 965 433 1033 legionibus
450 973 478 1019 et
494 969 617 1036 equitum
629 969 739 1021 milibus
749 969 858 1021 duobus
868 969 979 1034 relicto,

172 1042 205 1087 ut
220 1041 319 1101 portua
334 1040 461 1088 tueretur
475 1044 504 1088 et
518 1053 578 1090 rem
589 1037 798 1090 frumentariam
809 1038 979 1105 provideret,

172 1119 300 1174 quaeque
310 1105 339 1157 in
350 1105 445 1158 Gallia
455 1112 625 1174 gererentur,
637 1109 978 1174 cognoscereteonsilium-

172 1190 226 1244 qne
237 1190 291 1242 pro
301 1181 428 1242 tempore
439 1183 468 1229 et
477 1191 528 1242 pro
540 1192 570 1228 re
582 1182 701 1242 caperet,
715 1179 773 1245 ipse
784 1193 846 1228 cum
855 1180 978 1246 quinque

171 1245 328 1314 legionibus
344 1251 373 1298 et
387 1248 449 1314 pari
464 1261 580 1299 numero
597 1247 733 1315 equitum,
755 1261 835 1316 quem
851 1250 879 1298 in
890 1249 978 1304 conti·

172 1317 250 1368 nenti
265 1316 456 1384 relinquebat,
478 1316 544 1367 solis
559 1331 658 1369 occasu
670 1332 752 1370 nares
763 1317 850 1368 soluit
860 1322 904 1383 et,
920 1316 978 1370 leni

168 1384 270 1445 Africo·
282 1392 445 1453 provectus,
467 1387 559 1439 media
574 1388 685 1439 circiter
699 1394 780 1440 nocte
795 1391 879 1440 vento
895 1391 978 1438 inter·

172 1457 271 1519 misso,
294 1463 404 1508 cursum
420 1471 476 1508 non
487 1458 578 1508 tenuit
589 1463 629 1521 et,
648 1457 757 1525 longius
769 1457 878 1510 delatus
890 1463 978 1520 aestu,

62 1571 66 1574 .
173 1531 237 1578 orta
251 1526 328 1590 lucc,
349 1528 401 1579 sub
415 1528 529 1579 sinistra
544 1527 716 1579 Britanniam
731 1527 857 1580 relictam
868 1539 981 1594 conspe·

172 1597 224 1648 xit.
245 1597 324 1648 'Tum
334 1611 431 1648 rursus
443 1603 538 1656 aestus
550 1599 793 1650 cummutationem
805 1602 925 1660 secutus,
936 1611 979 1650 re·

108 1699 111 1704 -
172 1669 225 1717 mis
241 1665 396 1729 contendit,
418 1672 451 1718 ut
466 1681 527 1718 eam
542 1673 650 1733 partem
662 1666 769 1720 insulae
780 1672 904 1734 caperet,
922 1681 978 1734 qua

173 1736 307 1801 optimum
324 1749 385 1786 esse
402 1751 544 1802 egressum
559 1738 704 1803 superiore
714 1742 826 1789 aestate
842 1749 977 1804 cognore-

172 1811 225 1855 rat.
254 1805 316 1866 Qua
327 1805 356 1854 in
366 1819 398 1857 re
409 1805 558 1857 admodum
570 1805 625 1858 fuit
635 1807 753 1858 militurn
764 1807 852 1865 virtus
862 1804 977 1857 laudan·

171 1873 217 1936 da,
235 1876 281 1940 qui
292 1875 423 1924 vectoriis
434 1875 618 1943 gravibusque
629 1877 757 1944 navigiis,
773 1890 830 1928 non
839 1877 977 1928 intermis-

170 1957 202 1994 so
219 1943 372 2009 remigandi
388 1943 499 2006 labore,
520 1945 666 2012 longarum
683 1948 793 1998 narium
809 1961 918 1998 cursum
929 1945 976 1996 ad-

170 2017 335 2080 aequarunt.
381 2013 527 2064 Accessum
548 2021 593 2066 est
608 2015 644 2066 ad
658 2017 831 2068 Britanniam
848 2015 976 2068 omnibus

170 2082 286 2133 travibus
302 2083 458 2135 meridiano
475 2083 536 2136 iere
550 2089 691 2152 tempores
713 2102 802 2154 neque
818 2087 847 2138 in
863 2100 897 2138 eo
912 2085 975 2136 ioco

170 2149 259 2204 bostis
270 2158 312 2205 est
321 2155 403 2214 rbus,
414 2153 474 2216 sed,
484 2158 517 2204 ut
526 2159 624 2220 postea
629 2155 731 2208 Caesar
742 2157 975 2224 exceptiriscom-

169 2224 255 2289 perit,
276 2237 360 2292 quom
371 2236 489 2290 magnae
499 2238 597 2275 manos
608 2240 642 2277 eo
653 2228 845 2278 convenissent
850 2263 859 2289 ,
881 2223 975 2278 multi·

169 2293 266 2345 tudine
277 2294 387 2345 narium
398 2295 578 2359 perterritae,
601 2298 683 2364 (quae
694 2312 756 2348 cum
768 2297 909 2348 annotinis
920 2296 974 2361 pris

169 2364 309 2430 vadoque,
337 2377 406 2430 quas
427 2364 471 2414 sui
487 2365 602 2432 quisque
618 2365 756 2418 commodi
771 2365 890 2429 fecerat,
918 2380 975 2418 arn·

108 2469 114 2477 ,
169 2431 240 2496 plius
251 2433 344 2484 Dccc
359 2447 415 2485 uno
428 2441 508 2486 erant
517 2435 593 2487 visae
603 2439 740 2503 tempore)
753 2435 863 2490 alitore
874 2437 973 2489 discea-

167 2506 263 2552 serant
273 2517 306 2554 ac
316 2517 345 2554 se
357 2503 384 2554 in
396 2505 543 2570 superiora
554 2504 616 2556 loca
627 2506 799 2559 abdiderant.

203 2571 249 2622 ΙΧ.
272 2572 386 2633 Cae'sar,
410 2576 536 2640 exposito
552 2578 675 2628 exercitu
691 2584 720 2629 et
731 2577 793 2628 loco
804 2575 901 2628 castris
912 2573 970 2628 ido·

169 2647 330 2706 neoeapto,
353 2642 401 2693 ubi
413 2657 448 2694 ex
458 2644 574 2708 captivis
585 2648 725 2713 cognovit,
744 2661 799 2714 quo
810 2648 837 2698 in
846 2647 911 2710 ioco
923 2642 968 2696 bo·

167 2707 251 2760 stium
262 2713 358 2778 copiae
369 2713 569 2778 consedissent,
584 2713 744 2770 cohortibus
755 2717 781 2769 X
792 2717 826 2768 ad
838 2730 916 2768 marc
927 2730 965 2766 rs.
