2124 3154
22 207 25 328 j

313 197 655 253 HISPANIENSI.
831 200 881 253 tol

82 305 135 360 nisi
151 301 377 370 advesperasset,
408 302 615 368 aparcioribus
632 302 739 355 nostris
754 303 885 373 omnique

80 376 185 429 ¹auxilio
199 375 300 440 priuati
312 377 419 424 essent:
442 387 506 424 narn
517 373 675 425 ceciderunt
686 388 720 424 ex
731 375 785 426 levi
797 373 887 425 orara}

82 455 146 498 turo
158 441 323 505 CCCXXiV,
344 457 379 494 ex
389 442 551 510 legionariis
563 443 739 506 cxxxvlii,
760 450 885 510 praetere

83 532 163 586 quant
174 527 294 582 quorum
304 527 381 564 arma
392 519 422 565 et
432 512 524 580 spolia
534 519 601 563 sunt
611 513 715 566 adlata.
743 515 787 566 lta
797 513 886 579 pridie
945 519 947 524 '

83 589 200 638 duorum
222 584 416 636 centurionum
437 583 565 634 interitio
586 581 638 634 hac
662 583 888 636 adversariorum

82 669 173 724 poeno
185 658 229 704 est
240 652 330 702 litata

134 723 221 774 XXV.
240 722 400 790 Insequenti
413 721 473 784 die,
502 724 562 788 pari
580 723 782 774 consuetudine
804 738 888 790 quum

83 794 118 846 ad
130 792 259 845 eumdem
270 791 362 844 locum
374 792 433 844 eius
445 792 615 858 praesidium
626 793 757 855 venisset,
770 794 888 859 pristino

81 865 134 916 illu
146 877 197 914 suo
208 863 359 914 utebantur
369 863 514 934 instituto:
540 877 618 926 num,
646 868 760 928 praeter
771 864 889 930 equites,

83 935 161 986 nullo
183 933 245 984 loco
261 947 351 1000 aequo
366 947 397 984 se
414 934 588 985 committere
611 932 760 984 audebant.
797 933 889 994 Quum

84 1005 175 1055 nostri
187 1004 216 1054 in
228 1017 313 1068 opere
326 1007 427 1064 essent,
442 1004 565 1070 equitum
577 1004 675 1069 copiae
687 1018 838 1055 concursus
850 1003 891 1054 la·

79 1089 146 1126 cere
158 1077 323 1138 coeperunt:
336 1071 473 1140 simulque
483 1071 704 1124 vociferantibus
716 1073 890 1141 legionariis,

83 1159 167 1212 quum
180 1142 270 1193 locum
283 1140 479 1209 efflagitarent,
491 1148 523 1193 ut
534 1144 663 1195 consueti
673 1144 781 1210 insequi
794 1143 891 1195 existi-

82 1229 160 1266 mare
171 1217 297 1279 possent,
324 1227 355 1264 se
366 1212 559 1278 paratissimos
572 1227 633 1264 esse
645 1213 681 1264 ad
691 1212 890 1276 dimicandum,

82 1285 174 1336 nostri
186 1297 221 1333 ex
232 1279 333 1334 humili
344 1282 470 1333 convalle
482 1283 553 1334 bene
569 1283 655 1350 longe
666 1288 732 1333 sunt
743 1283 850 1350 egressi
861 1292 891 1334 et

80 1354 199 1422 planitie
212 1351 350 1418 iniquiore
362 1351 425 1402 loco
437 1354 632 1403 constiterunt.
667 1352 711 1402 llli
722 1359 817 1404 tanuen
828 1367 890 1418 pro·

83 1424 129 1474 cul
139 1422 224 1474 dubio
241 1421 276 1472 ud
293 1420 530 1488 congrediendum
546 1424 575 1472 in
591 1436 712 1490 aequum
728 1421 820 1474 locum
832 1437 889 1473 non

82 1499 150 1546 sunt
160 1493 221 1543 ausi
233 1490 413 1555 descendere,
434 1496 548 1557 praeter
558 1504 645 1542 unum
656 1493 807 1544 Antistium
818 1486 889 1542 'lur-

82 1565 205 1631 pionem,
226 1562 284 1628 qui,
304 1553 395 1613 fidens
407 1561 525 1623 viribus,
545 1576 581 1614 ex
592 1562 764 1614 adversariis
776 1563 829 1613 sibi
842 1576 889 1628 pa·

81 1648 143 1685 rem
159 1647 221 1684 esse
237 1631 375 1683 neminem
396 1632 503 1699 agitare
519 1633 620 1699 coepit.
656 1632 725 1692 Hic,
750 1637 782 1682 ut
797 1630 889 1682 fertur

80 1701 199 1758 ¹llehiliis
211 1701 423 1769 Memnonisque
440 1716 620 1769 congressus,
632 1702 665 1765 Q.
678 1699 828 1768 Pompeius
841 1702 888 1754 Ni·

82 1789 146 1841 ger,
179 1786 263 1839 eques
270 1771 412 1823 Romanus
423 1771 592 1836 italicensis,
624 1786 659 1823 cx
674 1773 732 1824 acie
743 1777 841 1824 nostra
852 1771 888 1824 nd

81 1841 319 1911 congrediendum
337 1855 503 1909 progressus
514 1848 565 1893 cst.
602 1841 740 1904 Quoniam
753 1841 887 1894 ferocitas

82 1914 195 1964 Antistii
208 1911 330 1963 oninium
342 1916 451 1964 mentes
461 1917 640 1964 converterat
651 1912 817 1980 nbopereud
825 1927 887 1979 spe·

82 1982 229 2044 standum,
255 1982 329 2033 acies
342 1987 407 2032 sunt
418 1981 583 2051 dispositae:
607 1997 671 2034 nonr
686 1984 761 2034 inter
771 1983 889 2034 bellato-

11 2085 12 2098 ,
81 2067 129 2104 res
141 2052 280 2118 principes
291 2051 375 2102 dubia
386 2056 448 2103 erat
458 2054 549 2118 posita
558 2053 690 2115 victorio,
709 2057 740 2102 ut
751 2067 838 2120 prope
848 2051 888 2102 ri·

80 2122 198 2173 deretur
209 2120 294 2173 sineru
305 2121 430 2172 bellandi
441 2121 560 2174 duorum
570 2121 703 2173 dirimere
714 2136 816 2189 pugna.
844 2123 889 2174 lta

83 2192 158 2244 avidi
170 2190 316 2257 eupidique
328 2205 442 2242 suarum
453 2192 570 2258 quisquo
581 2193 715 2257 partium,
727 2194 738 2218 ⁴
759 2197 887 2259 experto·

84 2279 146 2314 rurn
157 2263 281 2313 virorum
294 2259 489 2328 fautorumque
500 2260 799 2312 voiuntashubebatur.
815 2263 888 2326 Quo·

83 2348 146 2385 rum
156 2332 260 2383 virtute
272 2330 358 2382 alacri
370 2345 454 2398 quum
466 2331 503 2382 ad
513 2331 699 2382 dimicandum
708 2332 737 2382 in
744 2331 889 2398 planitiem

78 2418 115 2454 sc
128 2400 319 2460 contulissent,
329 2406 527 2469 scutorumque
537 2400 627 2452 laudis
638 2401 755 2469 insignis
768 2401 889 2470 praeful·

79 2488 155 2540 gens
174 2486 244 2538 opus
260 2470 409 2534 caelatum,
441 2485 560 2537 quorum
575 2472 588 2500 *
603 2485 698 2540 pugna
714 2479 790 2525 esset
801 2487 890 2540 prope

80 2541 212 2610 protecto
224 2540 355 2604 diremta,
366 2542 420 2592 nisi
432 2546 548 2608 propter
558 2543 681 2608 equitum
693 2547 706 2575 ⁴¹
718 2556 890 2602 concessum,

83 2620 117 2664 ut
127 2627 213 2680 supra
223 2611 490 2674 demonstravimus,
519 2611 588 2662 levis
600 2617 743 2664 arinaturo
755 2613 890 2678 praesidii

80 2697 186 2736 caussa
206 2697 261 2734 non
285 2679 370 2750 longe
385 2682 419 2734 ab
437 2695 522 2748 opere
538 2686 694 2733 castrorum
710 2683 890 2734 constitisset
961 2691 968 2700 ¹

87 2757 122 2808 Ut
134 2759 246 2808 nostros
258 2753 367 2822 equites
379 2753 538 2821 ioreoeptu,
549 2752 614 2806 durn
622 2751 889 2815 odeastraredeunt,
