2150 3124
260 181 277 230 r
368 183 684 269 ururrrr.····
843 188 888 243 «n

77 289 283 362 eouiungerent
302 294 332 343 et
350 294 483 342 converse
496 292 618 359 signatu
632 288 726 344 hostes·
738 289 885 346 inferrent.

77 361 143 424 Quo
153 358 242 421 factu,
263 373 345 427 quum
357 360 429 411 elius
439 361 490 412 slii
498 361 650 413 subsidium
661 361 781 425 ferrent,
796 378 886 429 neque

77 432 224 492 timerent,
235 444 271 480 ne
280 431 369 482 aversi
382 431 416 482 sb
427 429 507 482 hoste
516 431 795 494 circumvenirentur,
805 432 887 485 auda·

78 501 141 552 eius
149 500 281 551 resistere
292 515 324 551 ae
335 497 435 550 fortius
446 515 570 568 pugnare
580 505 742 566 coeperunt.
771 501 885 553 Interim
973 553 975 558 ,

69 569 185 620 ‚milites
195 569 336 636 legionum
347 568 480 632 duorum,
496 584 567 638 epure
575 571 606 620 in
617 571 766 621 novissimo
776 573 885 638 agorine

77 637 218 705 praesidio
242 638 447 704 impedimentis
465 638 590 702 suerent,
617 639 726 705 proelio
745 641 886 704 nunciato,

78 722 164 759 eursu
173 709 301 769 inritato,
315 709 343 758 in
354 723 461 760 summu
472 708 544 762 colle
555 709 590 759 eb
601 705 726 760 hostibus
736 711 885 776 conspicior

71 777 192 835 ,bantus
227 777 265 828 Et
277 779 310 830 Τ.
326 777 480 841 Labienus,
499 779 596 830 cestris
611 775 733 830 huetium
743 780 847 844 potitus
857 784 887 831 et

79 861 115 899 ex
125 845 189 898 loru
198 847 352 913 superiore,
362 863 434 916 quse
442 863 488 900 res
497 849 529 898 ir·
536 849 639 899 nostris
650 849 748 900 cestris
756 861 886 916 gereren-

78 921 142 978 tur,
156 920 346 983 oonspieutus,
357 917 491 969 decimam
501 918 638 985 legionem
648 917 770 970 subsidio
781 921 885 969 nostris

79 986 163 1036 misit.
199 986 254 1048 Qui
270 1002 354 1054 quum
371 997 406 1038 ex
417 989 540 1055 equitum
547 993 580 1038 et
590 987 719 1039 oeluuurn
730 987 810 1055 iuga,
829 1003 884 1055 que

78 1055 106 1106 iu
117 1053 180 1106 loeo
192 1070 236 1108 res
247 1060 334 1118 esset,
350 1061 509 1124 quantoque
519 1058 549 1107 in
560 1057 682 1123 periculo
692 1063 722 1110 et
731 1062 835 1122 metra,
856 1063 885 1124 et

76 1123 218 1192 legiones,
239 1131 269 1176 et
278 1126 429 1193 imperator
439 1132 612 1189 versaretur,
632 1128 834 1195 cognovissent,
845 1127 885 1179 ni-

77 1191 118 1244 hil
129 1194 165 1245 sd
176 1195 347 1248 celeritatem
358 1197 409 1247 subi
420 1195 520 1263 reliqui
531 1194 667 1248 feceruut.
713 1253 716 1260 .
853 1257 855 1260 ¹

129 1262 243 1316 xxvii.
282 1265 388 1316 Horum
404 1265 524 1316 adventu
537 1261 617 1318 iente
632 1281 725 1318 rerum
736 1271 884 1318 eoniinutr-

76 1331 118 1383 tio
129 1331 205 1384 iectu
215 1338 270 1396 est,
284 1339 316 1402 ut
326 1336 429 1397 nostri,
444 1336 529 1389 etium
540 1337 586 1402 qui
596 1334 757 1387 vulneribus
766 1336 884 1388 consesti
991 1369 995 1378 «

76 1403 301 1468 procubuissent,
310 1405 396 1455 sentis
404 1405 499 1466 innixi,
504 1404 638 1470 proelium
649 1405 883 1472 redintegrersnt3

75 1477 137 1522 tum
146 1471 275 1535 calones,
290 1475 453 1540 perterritos
462 1471 734 1538 hoster-oonspieeti,
751 1476 834 1526 etium
844 1475 885 1524 in·-

75 1555 169 1593 ermes
178 1543 294 1593 armetis
305 1549 497 1606 recurrereut3
514 1545 622 1611 equites
632 1557 711 1605 reru,
726 1547 759 1593 nt
768 1543 884 1608 turpitu-

75 1610 170 1662 dinem
192 1609 273 1679 iuges
287 1613 390 1664 virtute
408 1611 547 1676 delerent,
568 1612 694 1663 omnibus
708 1613 737 1662 in
751 1611 823 1666 loris
835 1625 884 1678 pu·

76 1693 149 1747 gone
161 1695 192 1732 se
202 1680 362 1748 legionariis
371 1681 505 1734 militibus
517 1681 699 1748 praeferrent.
734 1681 771 1733 At
780 1679 883 1744 hostes,

76 1751 162 1816 etiem
177 1750 205 1800 in
221 1756 346 1802 extreme
360 1765 409 1818 spe
420 1751 531 1814 solutis,
550 1755 656 1804 tentem
666 1753 795 1804 virtutem
806 1766 884 1818 pree-

74 1820 223 1883 stiterunt,
233 1825 278 1883 ut,
287 1835 372 1888 quum
382 1822 463 1887 primi
474 1835 569 1873 eorum
580 1821 754 1884 reeidissent,
765 1822 884 1888 proximi

75 1887 230 1940 tenentibus
260 1891 421 1942 insisterent
443 1895 528 1958 etque
549 1905 586 1952 ex
605 1904 701 1944 eorum
720 1892 883 1960 corporibus

76 1963 249 2025 pugnarent;
269 1957 312 2010 bis
331 1959 446 2012 deiectis
463 1966 497 2011 et
511 1962 680 2012 coacervetis
695 1961 883 2022 cadaveribus,

76 2030 123 2096 qui
134 2033 326 2092 superessent,
344 2035 376 2080 ut
386 2028 552 2091 extumum,
573 2029 630 2080 tela
640 2031 667 2080 in
678 2037 788 2082 notros
796 2033 885 2082 vconii-

77 2103 175 2148 serent
191 2103 220 2148 et
229 2097 286 2163 pile
295 2099 450 2165 interceptu
459 2101 644 2150 remitterent:
663 2105 760 2152 utnon
771 2099 882 2168 nequid·

77 2179 161 2234 quem
175 2171 273 2219 tentae
288 2168 400 2220 uirtutis
410 2167 539 2220 immines
549 2168 665 2220 iudicari
675 2169 790 2222 deberet
800 2183 883 2220 susos

77 2250 139 2287 esse
150 2237 275 2288 transire
290 2235 454 2288 latissimum
467 2237 583 2301 flumen,
602 2237 772 2292 adscendere
783 2238 883 2290 eliisei-

76 2315 137 2356 mus
152 2307 243 2371 ripas,
262 2306 355 2358 subire
366 2309 571 2375 iniquissimum
581 2307 686 2360 lucum:
705 2323 778 2377 *quoe
788 2306 882 2360 lucilio

78 2387 114 2426 ex
124 2374 727 2445 dirrefllrnosrniminregnrtedureeegerer.
808 2387 813 2400 ·

128 2443 256 2498 xxviii.
292 2445 354 2496 Her
373 2442 480 2512 proelio
495 2445 569 2499 iaetu
581 2452 610 2498 et
619 2461 705 2514 prope
714 2446 749 2497 ed
760 2446 880 2498 interne·

23 2563 25 2566 .
75 2512 184 2564 eiooem
193 2519 277 2581 gente
288 2529 322 2566 eo
331 2517 442 2568 nomine
452 2515 615 2568 Nerviorum
627 2515 750 2577 redacto,
760 2517 881 2568 maiores

73 2587 156 2645 netu,
177 2596 247 2652 quos
262 2599 319 2636 uuo
332 2599 394 2638 eum
405 2588 498 2651 puen's
508 2585 725 2652 mulieribusque
735 2587 881 2638 insertur.
961 2632 963 2638 ,

73 2652 118 2702 ris
133 2666 167 2704 sc
182 2652 298 2718 paludes
314 2653 447 2707 collectos
458 2654 630 2717 dixerumus,
649 2653 702 2705 hae
711 2669 804 2722 pugne
814 2667 882 2706 nun-

73 2721 160 2844 tisim,
180 2737 265 2844 guum
280 2723 432 2778 rictoribus
445 2721 516 2781 nihil
530 2724 705 2848 impeditrssm,
723 2725 803 2794 vietis
813 2721 880 2776 nibil

122 2803 170 2842 uo,
203 2805 263 2845 irs.
