2152 3144
324 195 709 254 nonxnsnarnoil
853 191 908 252 bos

109 307 256 367 itineribus
267 303 411 365 coniectis,
428 317 514 370 quum
526 303 690 356 adventaret
699 304 734 356 ad
744 304 910 371 Nicopolim,

108 375 193 442 (quod
204 373 334 442 oppidum
346 374 466 441 positum
476 375 506 424 in
517 375 650 426 Armenia
661 375 767 426 minore
779 381 835 436 est,
853 374 911 442 pla-

108 461 142 497 no
154 445 244 512 ipsum
255 444 330 507 loco,
351 445 489 495 montibus
500 449 592 496 tamen
605 443 668 495 altis
679 444 714 495 ab
726 443 832 496 duobus
841 445 912 496 late·

109 517 185 567 ribus
197 512 327 577 obiectis,
359 513 429 564 satis
441 529 542 581 magno
554 514 700 565 intervallo
710 515 745 566 ab
757 513 859 582 oppido
871 527 911 565 re·

110 587 212 649 ueritis)
234 587 326 635 castra
334 583 428 652 posuit
443 583 527 650 longe
540 597 557 634 a
568 582 694 649 Nicopoli
710 586 823 636 circiter
834 584 912 634 milia

110 670 239 724 passuum
250 659 366 722 septem.
403 653 510 715 Quibus
522 667 557 704 ox
566 654 667 704 castris
678 669 762 721 quum
773 654 852 706 locus
864 669 912 704 un·

109 730 206 794 gustus
217 729 301 790 atque
312 723 462 790 impeditus
473 728 548 778 esset
558 723 762 788 transeundus,
789 722 912 774 Pharna·

109 810 154 847 ces
166 796 194 844 in
210 793 319 844 insidiis
334 793 458 847 delectos
472 793 582 860 pedites
598 807 749 860 omnesque
760 808 848 862 paene
859 794 914 844 dis-

110 864 205 932 posuit
218 865 340 932 equites:
367 877 497 932 magnam
508 871 600 916 autem
613 864 821 917 multitudinem
831 877 913 932 peoo-

109 933 149 985 ris
160 935 235 986 intra
249 948 298 984 eas
309 933 402 986 lauces
419 934 549 998 dissipari
565 935 663 999 iussit3
693 948 872 1004 paganosque
885 938 915 985 et

109 1003 263 1072 oppidanos
275 1005 303 1052 in
314 1004 350 1055 iis
359 1003 428 1054 locis
439 1004 596 1056 obversari:
616 1010 657 1068 ut,
674 1007 733 1057 sire
744 1007 860 1067 amicus,
879 1003 916 1055 si·

108 1089 141 1125 re
152 1073 281 1125 inimicus
293 1072 492 1125 Domitiuscas
508 1077 653 1142 angustias
669 1077 816 1138 transiret,
844 1072 913 1126 nibil

109 1144 144 1196 de
155 1143 267 1194 insidiis
279 1145 482 1208 suspicaretur,
509 1160 593 1212 quum
603 1145 632 1195 in
644 1148 718 1213 agris
734 1151 763 1197 et
773 1160 875 1214 pecora
886 1149 916 1196 ct

108 1213 238 1286 homines
249 1215 372 1265 animum
384 1213 546 1266 adverteret
557 1217 672 1278 versari,
692 1220 835 1284 tamquam
846 1215 914 1267 ami·

110 1299 203 1336 corum
215 1282 350 1346 adventu3
369 1286 412 1334 sin
424 1300 489 1336 vero
500 1285 572 1335 utin
584 1283 705 1336 hostium
717 1287 786 1336 linos
798 1288 914 1349 reniret,

108 1353 213 1423 praeda
223 1352 380 1419 diripienda
389 1353 494 1406 milites
504 1355 721 1422 dissiparentur,
739 1355 914 1423 dispersique
966 1361 968 1368 '

110 1423 303 1492 caederentur.
616 1475 619 1484 ,

161 1492 306 1547 XXXVll.
326 1494 402 1544 Haec
413 1509 496 1561 quum
512 1493 735 1556 administraret,
764 1509 913 1560 numquam

108 1569 204 1616 tamen
220 1564 427 1614 intermittebat
442 1565 551 1631 legatos
567 1563 601 1615 dc
616 1569 779 1632 pateatque
792 1565 914 1617 aurio-itia

109 1635 220 1684 mittere
232 1632 267 1683 ad
279 1634 446 1696 Domitium,
477 1647 562 1700 quum
574 1633 626 1685 boo
636 1635 696 1700 ipso
708 1634 837 1686 crederet
848 1633 914 1686 faci·

5 1751 12 1774 ,
107 1704 161 1755 lius
173 1719 235 1754 eum
247 1703 335 1770 decipi
347 1719 437 1771 posse.
472 1705 507 1754 rit
517 1711 617 1754 contra
627 1719 690 1771 spes
701 1705 777 1772 pacis
788 1704 914 1757 Domitio

107 1775 135 1824 in
147 1773 247 1825 iisdem
259 1775 359 1825 castris
370 1773 495 1825 morandi
507 1773 610 1824 adtulit
619 1789 752 1826 caussam.
775 1776 819 1827 lta
829 1773 915 1826 Phar-

106 1857 200 1906 naces,
218 1844 321 1896 anrissa
332 1845 453 1911 proximi
464 1845 596 1910 temporis
607 1846 769 1909 occasione,
798 1847 913 1910 veritus,

108 1929 143 1966 ne
154 1919 391 1982 cognoscerentur
402 1913 528 1976 insidiae,
545 1929 611 1966 suos
621 1918 649 1965 in
661 1921 753 1967 castra
763 1916 913 1967 revocavit.

110 1983 250 2056 Domitius
261 1989 374 2052 postero
386 1984 431 2036 die
449 1987 560 2051 propius
572 1983 728 2052 Nicopolim
739 1987 860 2038 accessit
870 2001 914 2036 oa·

107 2059 221 2121 atraque
232 2053 333 2122 oppido
344 2055 471 2106 contulit.
507 2057 585 2117 Quae
597 2055 662 2106 dum
675 2057 802 2106 muniunt
814 2056 914 2118 nostri,

108 2123 266 2176 Pharnaces
277 2125 365 2176 aciem
377 2127 511 2175 instruxit
520 2141 571 2175 suo
584 2139 661 2176 more
673 2129 757 2192 atquc
768 2125 912 2176 instituto:

107 2195 137 2244 in
149 2192 242 2245 fronte
254 2195 326 2244 enirn
337 2194 453 2260 simplici
466 2194 571 2246 directa
581 2197 650 2258 acie,
661 2209 766 2246 cornua
776 2193 911 2245 trinislir·

107 2263 256 2314 mabantor
265 2263 404 2314 subsidiis.
434 2263 538 2315 Eadem
550 2266 661 2316 ratione
673 2262 741 2314 baec
752 2264 845 2316 media
856 2263 912 2314 col·

107 2332 273 2384 locabantur
283 2333 351 2394 acie,
372 2332 479 2382 dnobus
491 2332 590 2386 dextro
599 2335 767 2401 sinistraque
778 2333 910 2386 interval-

106 2402 156 2466 lis,
173 2401 342 2469 simplicibus
358 2403 503 2452 ordinibus
514 2405 667 2456 instructis.
703 2403 826 2456 Perfecit
837 2406 910 2457 incc-

107 2477 185 2538 ptom
197 2478 352 2522 castrorum
364 2485 432 2538 opus
443 2469 598 2538 Domitius,
617 2480 696 2542 parte
708 2475 850 2543 copiarum
860 2489 912 2544 pro

106 2541 180 2593 vallo
192 2543 329 2593 instituta.

160 2610 315 2668 xxxviu.
334 2611 464 2667 Proxima
474 2618 556 2665 nocte
566 2612 732 2680 Pharnaces,
746 2616 912 2684 interceptis

107 2683 274 2742 tabellariis,
286 2681 333 2748 qui
343 2681 377 2735 de
388 2683 584 2736 Alexandrinis
595 2687 678 2738 robus
688 2687 798 2740 litteras
810 2687 845 2740 ad
857 2687 912 2739 Do·

106 2756 214 2807 minum
226 2752 364 2820 serebant,
384 2758 534 2825 cognoscit,
553 2756 702 2812 Caesarem
715 2760 851 2830 magnoin
866 2773 911 2827 po·
