2134 3148
301 189 644 250 HISPANIENSI.
811 195 865 248 tiu

19 263 21 302 ν
69 297 382 366 dispositisibipertim,
401 300 634 368 quiremanscre‚
654 297 828 364 eruptionem
838 297 868 350 in

67 367 289 422 adversariorum
306 377 401 422 cestra
415 368 550 425 fecerunt.
587 365 633 420 Sic
648 367 718 420 illud
729 381 815 435 quum
829 368 870 424 in·

67 439 218 492 scientibus
229 439 384 504 accidisset,
402 439 582 492 existimabat
593 451 770 504 magnopere
782 433 870 488 homi·

66 508 679 646 wid‘titiidestituitur&
691 512 870 628 iim

158 615 164 629 ·
675 613 684 640 r
807 613 817 640 s

66 649 227 714 Pompeium
242 650 277 702 ab
293 664 327 702 ea
341 651 550 717 oppugnatione
565 647 730 710 deduceret,
752 646 788 698 ad
802 647 869 698 Cor·

67 719 167 770 dubam
179 719 337 782 contendit;
357 735 392 771 ex
404 735 460 788 quo
471 719 574 770 itinere
584 717 719 772 loricatos
728 717 803 768 virus
814 714 870 768 for·

66 795 180 840 tescunr
191 789 317 857 equitatu
327 794 393 842 ante
408 789 563 856 praemisit:
586 789 646 856 qui,
666 785 751 841 simul
761 787 792 842 in
806 801 870 837 con·

66 857 871 982 diti''et-itti.:iiiiiitritissimis

66 997 183 1050 adverti.
219 943 873 1067 Adpropmqnentigusflexnpgtdonenemagna

67 1067 218 1122 multitudo
230 1070 266 1122 ed
272 1071 426 1137 equitatum
436 1068 637 1122 concidendum
644 1083 727 1136 quum
737 1069 872 1129 exissent,

65 1137 186 1202 loricati,
205 1145 238 1195 ut
248 1139 514 1209 suprascripsimus,
530 1141 655 1206 exequie
667 1137 873 1191 descenderunt

67 1213 98 1260 et
107 1221 236 1277 magnum
249 1209 386 1276 proelium
398 1210 536 1273 i'ecerunt,
556 1209 597 1262 sie
608 1209 648 1260 uti
658 1222 694 1260 ex
705 1207 813 1260 infinite
823 1205 873 1258 ho·

66 1279 171 1332 nrinum
182 1279 364 1332 multitudine
381 1281 461 1346 pauci
475 1281 504 1330 in
515 1279 648 1346 oppidum
663 1291 693 1328 sc
704 1277 872 1343 reciperent.

65 1349 129 1401 Hoc
148 1352 250 1402 timore
268 1349 405 1402 adductus
416 1347 478 1402 Sex.
489 1349 637 1415 Pompeius
658 1348 769 1398 litteras
790 1344 871 1396 fratri

62 1419 152 1482 misit,
162 1424 194 1470 ut
205 1419 336 1472 celeriter
346 1419 399 1473 sibi
410 1419 534 1472 subsidio
545 1421 661 1480 reniret,
673 1431 708 1468 ne
718 1417 795 1482 prius
803 1415 872 1466 Cae·

63 1504 115 1540 sar
123 1489 280 1542 Cordubam
290 1495 412 1557 caperet,
435 1505 517 1558 quum
528 1490 588 1556 ipse
598 1487 648 1538 ilio
659 1488 792 1540 venisset.
828 1484 872 1536 lts

61 1559 115 1610 Gn.
126 1558 283 1626 Pompeius,
294 1560 357 1612 Ulia
366 1574 454 1627 prope
464 1565 556 1626 capte,
572 1557 677 1610 litteris
688 1555 788 1608 fratris
799 1555 870 1608 esci·

64 1639 123 1690 tus,
134 1643 195 1681 cum
205 1631 293 1696 copiis
303 1630 339 1681 ed
349 1630 505 1681 Cordubam
520 1630 577 1680 iter
587 1627 680 1679 iecere
691 1626 792 1694 coepit.

118 1699 153 1752 V.
172 1699 283 1763 musar,
294 1715 376 1766 quum
388 1699 424 1751 ed
437 1697 540 1750 flumen
552 1697 661 1749 Baetim
674 1697 805 1756 venisset,
824 1708 872 1747 ne·

65 1783 120 1837 que
131 1775 246 1836 propter
256 1769 435 1822 altitudinem
446 1769 568 1820 fluminis
581 1767 701 1820 transire
712 1769 815 1834 posset,
829 1764 871 1817 le·
964 1813 968 1820 .

66 1838 177 1906 pidibus
197 1841 299 1892 corbes
318 1839 415 1906 plenus
436 1839 557 1891 demisit.
594 1839 636 1890 lta
657 1837 770 1904 insuper
784 1841 871 1901 ponto

65 1907 154 1973 facto,
162 1911 256 1976 copies
267 1909 303 1962 ed
314 1916 407 1962 cestra
417 1910 560 1977 tripertito
576 1907 745 1960 transduxit.
780 1906 871 1958 'Pene-

64 1978 137 2030 bant
147 1979 282 2032 adversus
297 1980 430 2045 oppidum
444 1995 460 2032 e
474 1981 589 2048 regione
606 1979 699 2044 pontis
713 1976 818 2038 trabes,
839 1980 872 2026 ut

65 2050 340 2116 suprascripsimus,
360 2049 503 2116 bipertito.
540 2050 604 2100 Huc
618 2062 704 2114 quum
720 2044 871 2111 Pompeius

66 2133 131 2170 cunr
140 2120 200 2172 suis
211 2120 296 2184 copiis
308 2119 442 2181 venisset,
462 2134 498 2171 ex
508 2119 624 2170 adverso
635 2118 697 2182 pari
710 2116 818 2166 ratione
829 2128 872 2164 ca·

65 2193 128 2239 stra
135 2189 224 2252 ponit.
258 2188 369 2251 Caesar,
379 2195 412 2240 ut
423 2203 485 2240 eum
497 2191 533 2240 ab
544 2187 647 2254 oppidu
658 2189 872 2250 commeatuque

66 2256 239 2320 excluderet,
249 2256 394 2311 bruchium
404 2258 440 2308 ad
450 2264 562 2323 penteres
571 2257 677 2308 ducere
688 2255 789 2319 coepit.
807 2251 873 2305 Peri

65 2327 142 2379 idem
163 2327 325 2380 conditione
341 2327 500 2392 Pompeius.
536 2328 591 2379 {iic
603 2329 681 2377 inter
695 2323 781 2376 duces
800 2323 873 2376 duos

64 2399 100 2450 tit
110 2401 268 2460 contentio,
289 2399 352 2449 uter
362 2399 440 2464 prius
456 2402 571 2463 pontem
585 2398 750 2460 occuparet:
770 2408 807 2444 ex
818 2408 874 2461 qus

67 2469 250 2520 contentione
269 2467 433 2538 quotidiano
451 2469 560 2519 minuta
576 2464 686 2533 proelia
704 2462 821 2524 fiebant,
841 2467 874 2514 ut

67 2537 153 2590 modo
176 2535 307 2600 himodo
330 2537 370 2620 iili
390 2537 553 2602 superiores
574 2534 759 2589 discederent.
794 2535 872 2597 quoe

67 2602 874 2748 mittissimis?tititmtdttifidi

64 2748 132 2802 dius
143 2748 236 2804 lecum
247 2747 361 2803 student
371 2753 483 2815 tenere,
500 2755 618 2818 propter
631 2751 745 2817 pontem
752 2759 874 2816 coangu-
