2180 3140
154 113 174 256 Ι.
208 165 261 219 290
422 167 476 219 bit
495 163 637 220 bobbo
658 163 794 218 ctvlbl

208 283 271 322 eum
283 275 328 320 est
338 270 484 336 pecuniae,
516 269 636 320 transdit
648 277 690 333 et,
720 270 786 337 quid
795 265 1009 336 ubiquebabeat
1075 325 1076 330 ἵ

209 337 341 390 frumenti
352 353 385 388 ac
396 340 515 401 navium,
535 337 667 390 ostendit

262 407 334 458 xxi.
353 409 468 470 Caesar,
478 410 623 459 'concione
639 407 734 460 babita
743 407 903 470 Cordubae,
921 409 1008 459 omni·

208 479 260 530 bus
271 479 425 544 generatim
436 480 543 544 gratias
554 479 625 546 agit:
648 479 753 529 civibus
764 477 912 539 Romanis,
935 478 1008 545 quod
1075 517 1076 520 ,

208 546 340 614 oppidum
361 548 390 596 iu
406 563 458 598 sua
472 553 612 612 potestate
628 547 803 600 studuissent
818 545 934 609 babcrc3
963 547 1013 596 lli-
1075 579 1076 584 η

210 617 313 684 spanis,
330 616 405 684 quod
416 617 556 684 praesidia
567 615 754 681 expulissent3
774 616 926 678 Gaditanis,
939 615 1013 684 quod
1075 651 1076 690 3

211 694 327 739 conatus
339 685 560 738 adversariorum
572 685 754 753 infregissent
763 698 881 753 seseque
892 687 920 736 in
931 686 1012 736 liber·

210 763 297 808 tatem
307 755 508 819 vindicassent3
532 757 651 808 tribunis
662 757 780 807 militum
794 756 1013 807 centurionibus·

212 840 281 893 que,
304 825 350 892 qui
363 840 396 876 co
410 825 540 892 praesidii
552 840 650 877 caussa
660 833 808 888 venerant,
830 825 905 892 quod
917 839 1013 876 eorum

212 894 330 946 consilia
342 909 392 944 sua
402 898 506 946 uirtute
519 893 743 946 confirmassentz
772 897 915 962 pecunias,
944 909 1014 962 quas

213 968 292 1016 erant
303 964 330 1014 in
345 963 484 1030 publicum
490 965 610 1017 Varroni
622 966 695 1016 cirea
708 966 826 1017 Romani
838 963 961 1030 polliciti,
973 979 1015 1015 re·
1075 1015 1076 1018 ,

212 1035 310 1096 mittit3
330 1033 404 1084 bona
416 1035 540 1085 restituit
550 1035 599 1097 iis,
616 1049 686 1102 quos
696 1034 812 1086 liberius
824 1035 932 1086 locutos
942 1031 1016 1084 banc

212 1117 329 1170 poenam
341 1102 439 1154 tulisse
452 1110 634 1171 cognoverat:
668 1104 781 1155 tributis
793 1103 954 1172 quibusdam
966 1117 1016 1168 pu·

210 1172 291 1225 blicis
304 1175 471 1240 priuatisque
481 1174 621 1242 praemiis,
642 1174 763 1241 reliquos
774 1177 803 1224 in
814 1180 955 1240 posterum
966 1171 1017 1223 bo·

213 1258 248 1293 nn
260 1257 307 1308 spe
320 1243 453 1308 complet,
486 1243 652 1310 biduumque
669 1243 813 1295 Cordubae
829 1248 1018 1310 commoratus

214 1311 300 1364 Gadis
313 1311 508 1379 proficiscitur:
535 1313 666 1379 pecunias
678 1319 926 1380 monumentaque,
945 1326 1019 1378 quae

213 1397 249 1433 ex
262 1381 327 1433 iano
339 1381 470 1434 llerculis
487 1380 591 1433 collata
606 1388 687 1434 erant
702 1385 731 1433 in
747 1383 884 1449 privatam
894 1382 1018 1442 domum,

213 1450 314 1504 referri
336 1452 363 1502 ln
385 1450 519 1518 templum
540 1451 629 1503 iubet:
657 1453 815 1518 provinciae
837 1450 870 1514 Q.
892 1451 1018 1502 Cassium
1074 1445 1076 1460 ⁴

212 1522 353 1590 praeficit,
386 1519 450 1572 huic
462 1527 581 1589 quatuor
595 1520 721 1590 legiones
733 1521 879 1574 adtribuit:
912 1523 971 1588 ipse
983 1521 1018 1570 iis

214 1593 343 1654 suavibus,
375 1605 442 1657 quas
458 1591 497 1642 Μ.
513 1590 619 1655 Varro,
651 1606 775 1660 quasque
792 1590 923 1642 Gaditani
938 1589 1019 1640 iussu

172 1657 176 1669 '
212 1659 349 1711 Varronis
366 1657 505 1724 iecerunt,
537 1661 725 1713 Tarraconem
741 1661 835 1728 paucis
848 1661 945 1712 diebus
956 1653 1019 1724 pcr'-
1075 1723 1076 1728 Ἰ

214 1730 298 1782 venit.
334 1728 375 1780 lbi
391 1731 477 1781 totius
493 1729 553 1782 fere
570 1731 707 1788 citerioris
723 1730 883 1797 provinciae
899 1729 1018 1797 legatio·
1075 1729 1076 1738 ’

214 1815 263 1850 nes
275 1798 400 1849 Caesaris
413 1797 561 1852 adventum
572 1800 779 1868 exspectabant.
815 1798 921 1852 Eadem
933 1793 1019 1848 ratio-

214 1883 249 1918 no
261 1868 390 1934 privatim
408 1883 440 1919 ac
450 1868 558 1935 publice
568 1871 731 1936 quibusdam
747 1869 904 1921 civitatibus
914 1865 1019 1918 habitis
1075 1871 1076 1874 ’

212 1933 374 1999 horroribus,
385 1937 544 1990 Tarracone
556 1937 673 1990 discedit
682 1938 853 2007 pedibusque
859 1937 1021 1990 Narbonem

214 2013 299 2076 atque
311 2005 374 2058 inde
387 2006 541 2059 Massiliam
554 2011 690 2074 pervenit:
713 2009 763 2070 ibi,
783 2008 875 2076 legem
886 2007 920 2058 dc
931 2005 1020 2056 dicta·

214 2085 276 2128 tore
292 2075 378 2127 latam
394 2091 510 2145 seseque
525 2077 690 2131 dictatorem
707 2078 809 2130 dictum
826 2093 843 2128 a
858 2077 899 2129 M.
909 2075 1021 2142 Lepido

215 2153 354 2214 praetore,
376 2149 528 2220 crrgnoscit.

268 2213 354 2268 xxti.
374 2215 578 2280 Massilienses,
603 2217 730 2270 omnibus
745 2215 847 2268 delessi
862 2213 957 2275 malis,
974 2217 1022 2264 rei

214 2285 417 2338 frumentariae
429 2285 463 2336 ad
475 2301 609 2338 surunram
623 2290 744 2354 inopiam
754 2286 928 2347 aduncabis
938 2297 1023 2352 proe-
1075 2301 1076 2346 p

216 2355 254 2408 lio
267 2354 359 2406 nauali
371 2356 510 2422 superati,
531 2357 637 2408 crebris
649 2357 841 2423 eruptionibus
852 2353 916 2416 iusi,
937 2354 1022 2420 gravi

216 2428 300 2479 etiam
315 2425 474 2492 pestilentia
490 2425 642 2478 conflictati
659 2441 694 2477 ex
711 2426 820 2478 diutina
836 2422 1022 2478 conclusione

215 2505 245 2546 ot
255 2495 409 2546 mutatione
421 2497 522 2556 victus,
543 2497 654 2561 (panIco
667 2496 739 2546 enim
755 2502 849 2548 vetere
861 2500 944 2560 atque
955 2489 1022 2542 bor·

216 2563 270 2616 deo
282 2571 412 2628 corrupto
424 2576 520 2616 omnes
531 2565 689 2627 alebantur,
710 2564 794 2632 quod,
814 2563 850 2615 ad
860 2560 1022 2614 huiusmodi
1075 2549 1076 2586 ²

214 2646 295 2682 casus
307 2635 461 2698 antiquitus
471 2641 616 2698 paratum,
635 2635 664 2683 in
677 2635 814 2700 publicum
827 2633 1021 2688 contulerant)

214 2699 322 2750 deiecta
334 2703 418 2763 turri,
437 2699 575 2752 labefacta
591 2717 692 2770 magua
707 2709 786 2769 parte
798 2703 885 2764 uiuri,
905 2701 1023 2754 auxiliis
1075 2725 1076 2746 l
