2124 3154
291 198 609 253 FRAGMENTA.
811 200 861 256 511

58 311 133 357 natu.
156 289 201 353 ¹ln
216 301 296 356 libris
312 315 421 370 quoque
432 302 588 370 Analogicis
600 298 694 354 omnia
703 302 862 356 istiusmodi

57 375 119 425 sine
140 374 149 424 i
170 371 256 424 litera
276 371 520 424 dicendauenset.
555 370 603 424 Ex
622 369 656 421 Α.
680 373 748 425 Geli.
769 372 814 426 ls'b.
836 372 863 424 4.

57 441 189 562 caquqO
206 509 313 562 decimo
329 511 431 562 aetatis
447 524 520 562 anno
534 509 567 560 L.
584 510 700 561 Crassus
716 511 745 562 G.
758 508 861 562 carbo-

18 629 19 650 ,
41 574 134 642 'nem,
156 594 210 630 uno
222 585 251 630 et
260 580 393 630 vicesimo
405 582 509 632 Caesar
520 579 711 643 Dolabellam,
731 579 821 631 altero
833 579 863 632 ei

56 650 186 702 vicesimo
197 649 307 700 Asinius
319 649 408 701 Pollio
419 650 448 700 C.
461 651 604 712 catonem,
620 665 677 700 non
689 647 777 700 multo
788 656 862 701 aete·

15 705 21 800 λ
56 727 86 770 te
126 717 295 770 antecedens
307 719 407 770 Calvus
418 720 572 782 Vatinium,
588 720 623 769 iis
633 717 807 770 orationibus
818 721 860 770 in·

15 801 17 820 ⁴
57 789 146 838 secuti
157 792 230 850 sunt,
240 803 308 854 quae
318 787 455 855 hodieque
466 804 527 840 eunt
540 788 725 840 admiratione
733 787 862 856 legimus.

56 857 104 912 Ex
114 855 235 926 Dialogo
247 857 450 909 decretoribus.
467 873 489 909 c.
500 855 542 909 34.

110 927 240 978 Ceterum
260 928 414 995 composita
434 927 572 980 seditione
591 926 680 990 civili,
701 927 862 992 camellum

56 995 234 1049 Dolabellam
247 997 428 1048 consularem
439 1003 467 1049 et
477 996 671 1064 triumphalem
682 998 772 1048 sirum
784 1011 864 1063 repe·

56 1066 206 1117 tundarum
217 1066 379 1132 postulavit,
399 1067 583 1136 absolutoque
593 1064 720 1118 Rhodum
730 1067 863 1119 secedere

57 1136 167 1187 'statuit
200 1134 248 1187 Es
260 1134 335 1188 Suet.
347 1135 422 1188 Caes.
433 1152 455 1188 c.
466 1134 491 1188 b.

106 1206 194 1256 Divus
205 1221 315 1273 quoque
326 1207 421 1269 lulius,
431 1222 513 1274 quam
524 1204 654 1260 coelestis
664 1203 794 1267 numinis,
803 1211 862 1256 tam

60 1275 143 1326 etiam
155 1273 269 1325 humani
283 1276 393 1342 ingenii
404 1275 637 1342 perfectissimum
649 1276 787 1337 columen,
805 1277 863 1325 vim

58 1344 205 1396 facundiae
216 1347 344 1410 propriae
355 1347 503 1413 expressit,
515 1345 634 1398 dicendo
644 1346 673 1395 in
684 1343 862 1396 accusatione

59 1413 287 1477 CnDolabellae,
299 1430 381 1483 quem
393 1429 470 1466 reum
483 1419 549 1482 egit,
561 1415 723 1482 extorqueri
735 1414 788 1465 sibi
800 1428 862 1464 cau·

58 1499 118 1535 sam
134 1485 268 1603 optimam
287 1483 320 1534 L.
331 1485 431 1536 Cottae
452 1485 616 1551 patrocinio.
650 1483 698 1537 Ex
714 1481 771 1535 Vel.
783 1481 861 1534 Mas.

59 1553 211 1620 iib.8.cap.
241 1589 248 1603 .
569 1595 572 1602 .

112 1624 140 1675 G.
152 1623 254 1673 Caesar
265 1623 314 1673 cn.
324 1621 501 1674 Dolabellam
514 1622 666 1685 accusavit,
686 1635 738 1674 nec
748 1621 861 1675 damnie-

58 1693 106 1743 sit.
142 1691 189 1744 Ex
199 1689 319 1744 Pediano
329 1691 358 1744 in
368 1701 438 1743 arat.
447 1709 499 1759 pro
510 1691 607 1745 Marco
619 1691 730 1743 Scauro.

95 1759 257 1829 *Significat
276 1767 305 1814 et
327 1763 484 1824 Caesarem,
503 1761 582 1812 idem·
596 1762 810 1824 adolescentem,
830 1761 859 1812 in

57 1831 206 1884 Dolabella
220 1847 270 1883 reo
283 1847 317 1883 ex
329 1830 436 1893 Sicilia,
457 1833 506 1898 qui
524 1831 634 1897 quidem
647 1832 795 1883 damnatus
809 1837 861 1891 est,

57 1907 190 2021 quq'nnitqm
202 1903 326 1968 opontuit
337 1901 590 1968 mellentensium,
602 1907 653 1953 eta
681 1901 729 1954 Ex
739 1900 861 1954 Pediano

55 1987 87 2023 sn
136 1987 191 2023 usn.

106 2035 277 2088 Ἐπανελθὼν
288 2037 316 2087 δὲ
329 2031 488 2106 εἰςῬαλμηα,
508 2038 678 2105 Δολαβέλλαν
688 2041 768 2106 ἔκρινε
779 2033 862 2088 uessi-

45 2109 47 2116 '
59 2121 122 2162 σεως
132 2109 266 2173 ἐπαρχίας,
286 2107 330 2156 καὶ
339 2107 433 2156 πολλαὶ
443 2104 494 2157 sind
505 2110 551 2170 τῆς
564 2103 691 2164 Ἑλλάδος
700 2109 752 2156 τῶν
761 2103 861 2156 πόλεων

57 2176 203 2240 μαρτυρίας
223 2171 292 2238 αὐτῷ
312 2179 448 2237 παρέσχον.
475 2171 547 2239 ὁμὲν
557 2169 603 2224 οὖν
614 2173 782 2238 Δολαβέλλας
801 2169 861 2221 εἶπέ·

57 2257 121 2307 pays
131 2241 179 2305 τὴν
188 2240 269 2305 δίκην.
288 2240 336 2294 Ex
346 2241 423 2294 Ptnt.
433 2241 462 2296 in
473 2240 549 2294 Caes.

285 2319 333 2373 Ex
344 2321 465 2375 oratione
476 2325 513 2375 ad
522 2321 629 2376 milites.

97 2389 195 2442 ¹Fame
209 2404 276 2441 vero
290 2389 433 2443 hostilium
444 2394 589 2458 copiarum
604 2390 786 2460 perterritos,
804 2402 861 2442 non

55 2460 184 2528 negando
213 2459 415 2523 minuendave,
443 2462 493 2513 sed
518 2459 861 2532 insupenemplilleando,

56 2529 288 2597 ementiendoque
299 2529 489 2583 confirmabat.
508 2534 604 2601 itaque
615 2547 675 2586 cum
688 2531 859 2597 exspectatio

56 2600 189 2650 adventus
199 2599 283 2651 lubae
293 2605 320 2650 te
325 2601 429 2652 nihilis
441 2607 524 2666 esset,
535 2601 695 2655 convocatis
705 2600 739 2651 ad
751 2601 859 2650 concio·

56 2684 117 2720 nem
130 2669 272 2730 militibus,
293 2669 404 2735 Scitote,
414 2672 513 2738 inquit,
533 2671 702 2740 paucissimis
713 2669 754 2722 ds‘s
766 2667 856 2721 diebus

55 2755 144 2810 regens
164 2735 319 2812 offuturum
334 2756 393 2794 cuns
407 2739 437 2794 Χ
448 2741 607 2814 legionibus,
627 2741 747 2813 equitem
755 2736 855 2802 XXX,
