2180 3140
390 164 545 219 LIBER
576 165 614 218 ll.
849 162 903 218 208

98 269 225 335 lucrant3
243 284 308 322 nam
323 270 409 322 ctiam
421 270 548 321 Caesaris
564 267 730 322 beneficium
746 274 904 320 mutaverat

97 337 280 404 consuetudo,
291 356 346 408 qua
355 338 524 392 offerrentur
535 341 683 406 municipia
690 340 774 390 edam
785 339 902 390 dirersis

97 410 222 481 partibus
239 413 401 462 coniuncta:
423 425 513 478 neque
525 408 598 462 enim
609 425 644 460 en
655 409 757 459 lilarsis
768 408 902 476 Pelignia-

97 495 153 550 que
171 480 336 542 veniebant,
356 486 388 530 ut
403 481 451 546 qui
467 481 611 546 superiore
622 485 704 530 nocte
716 480 743 529 in
756 479 901 544 contuber-

98 552 166 612 niis;
184 551 441 617 commilitonesque
462 549 588 600 nonnulli
603 549 747 616 graviores
757 563 903 600 sernrones

99 621 218 672 militum
238 621 322 688 vulgo
339 619 436 670 durius
457 619 644 685 accipiebant:
664 617 799 669 nonnulla
819 619 903 668 ctiam

98 691 134 740 ab
145 691 188 754 iis,
199 691 245 754 qui
254 689 447 758 diligentiores
457 689 544 738 videri
554 688 693 750 volebant,
704 687 903 754 tingebantur]

151 789 238 842 XXX.
257 791 363 854 Quibus
375 791 408 842 de
424 793 528 842 caussis
549 791 666 844 consilio
687 797 850 854 corn'ocato,
871 791 905 842 de

100 875 308 913 summorerum
321 862 478 913 deliberare
493 863 598 931 incipit.
635 865 724 914 Erant
738 864 905 922 sententiaa,

101 946 170 998 quac
181 932 328 983 tonandam
340 930 458 984 omnibus
469 933 567 996 arrodit,
588 942 731 1000 castraque
745 930 812 984 l'ars'
823 948 904 998 oppa-

97 1000 210 1068 gaanda
222 1008 383 1065 censereot3
402 1001 489 1068 quod,
510 1001 666 1053 huiusmodi
683 1002 801 1054 militum
817 1003 905 1053 consi·

100 1063 154 1134 liis,
175 1073 261 1121 otium
279 1074 396 1125 unanime
418 1074 589 1124 contrarium
610 1089 670 1126 esse
688 1073 905 1124 arbitrarentur:

101 1146 243 1208 postremo
260 1151 407 1209 praestare
418 1141 554 1210 dicebant,
572 1159 624 1210 per
635 1143 762 1204 rietatem
773 1141 801 1196 t'n
809 1157 906 1210 pagna

100 1209 314 1283 bellisortanam
326 1211 455 1278 experiri,
472 1228 562 1279 peram,
578 1213 696 1264 desertos
706 1222 733 1264 et
743 1211 905 1263 circumven-

100 1289 142 1331 tos
162 1280 196 1332 ab
216 1281 284 1345 teris,
310 1280 504 1351 gratissimam
525 1281 685 1350 reappliciam
701 1282 771 1349 pati.
817 1280 905 1332 l‘orro

101 1356 194 1413 erant,
216 1354 262 1420 qui
280 1358 434 1413 censerent,
455 1351 488 1402 de
498 1354 582 1402 tertia
591 1353 687 1419 vigilia
697 1354 725 1402 in
737 1356 829 1402 castra
840 1352 906 1401 Cor-

100 1420 212 1471 reliana
222 1422 423 1484 recedendum,
443 1426 483 1483 ut,
504 1423 609 1472 maiore
621 1423 711 1488 spatio
723 1422 856 1489 temporis
868 1422 907 1471 in·

100 1490 226 1552 teriecto,
248 1491 366 1542 militum
379 1496 488 1544 orentes
499 1496 679 1554 sanarcrrtur3
699 1493 790 1552 simul,
805 1491 906 1558 siquid

102 1561 214 1628 gravius
227 1561 384 1623 accidisset,
400 1575 501 1628 magna
512 1561 690 1612 multitudine
702 1564 814 1611 narium
826 1567 854 1613 et
865 1567 906 1610 tu·

6 1657 10 1672 ι
101 1631 157 1681 tius
168 1636 196 1682 ct
205 1629 315 1681 facilius
326 1632 354 1681 in
366 1629 486 1682 Siciliam
499 1635 630 1697 receptus
645 1632 770 1682 daretur.

99 1764 101 1768 ·
152 1732 253 1786 XXXI.
283 1735 381 1797 Curio,
400 1739 550 1805 utrumque
571 1735 731 1803 improbans
753 1735 907 1797 consilium,

100 1812 232 1873 quantam
244 1805 327 1856 alteri
337 1807 487 1858 sententiae
496 1807 597 1860 deesset
602 1805 696 1871 animi,
708 1815 815 1860 tantam
825 1805 908 1860 alteri

99 1889 240 1941 superem
261 1876 384 1939 dicebat;
405 1875 452 1929 loe
472 1876 645 1946 turpissimae
658 1877 751 1962 figas
772 1876 906 1928 rationem

44 1974 47 1984 ι
101 1943 207 2007 labere,
229 1944 290 1997 illos
311 1946 392 1998 edam
414 1947 508 2016 r'aa'pao
521 1950 578 2000 loco
599 1947 776 2001 demorandum
795 1957 905 2014 patore.

104 2013 166 2076 Qna
177 2013 255 2077 enine,
277 2018 375 2084 inquit,
391 2017 498 2086 fidncia
509 2028 536 2070 et
548 2035 627 2086 opere
638 2029 665 2070 et
674 2028 776 2070 natura
787 2017 840 2068 Ioci
850 2033 905 2067 mra-

101 2081 235 2135 nr'ts‘sn'ma
245 2095 337 2137 castra
349 2088 504 2158 expugnari¹
511 2104 591 2155 posse
602 2087 776 2158 confidimus?
786 2095 835 2138 cat
845 2101 906 2136 cero

103 2151 340 2222 paidproficimas‚
356 2155 389 2218 ei,
400 2166 510 2224 accepto
521 2172 621 2225 magno
633 2156 802 2217 detrimento,
818 2155 852 2206 ab
864 2171 906 2222 op-

102 2225 268 2290 pugnatione
280 2234 429 2278 castrorum
440 2222 615 2278 discedimus?
633 2226 711 2294 pansi
722 2242 773 2278 non
784 2224 907 2296 etfelr'c'e

103 2302 146 2344 tas
162 2303 403 2360 rerumgestarum
419 2296 554 2348 exercitas
569 2294 777 2348 benevolentiam
793 2294 907 2361 impera·

104 2361 222 2427 toribus,
244 2373 269 2416 et
287 2380 330 2415 res
347 2365 474 2416 adversae
485 2365 547 2416 odia
562 2364 712 2417 concilient.
750 2362 907 2418 Castrorum

101 2439 193 2484 antem
205 2433 321 2485 cantatio
336 2433 403 2501 quid
411 2434 505 2498 labet,
526 2434 580 2486 nisi
591 2444 699 2502 turpem
712 2433 815 2506 fingam
826 2445 853 2486 et
865 2435 906 2486 de·

103 2503 279 2570 sperationem
292 2504 410 2568 omniunt
421 2515 448 2556 et
459 2505 649 2557 alienationem
661 2505 811 2557 exercitas?
834 2503 907 2558 Nam

103 2588 187 2641 nepae
204 2574 336 2641 predantes
346 2573 481 2642 auspicari
496 2583 616 2642 oportet,
637 2574 688 2626 n’di
700 2591 799 2643 param
815 2575 907 2636 credie

103 2659 186 2713 nsque
196 2644 327 2712 inprobos
338 2643 421 2708 scire,
435 2660 491 2697 sese
502 2643 593 2696 timeri
599 2664 609 2695 .-
625 2647 696 2714 pnod
703 2645 759 2698 e'llr's
770 2645 908 2698 licentiam

105 2711 186 2766 timer
200 2723 303 2786 augeat
316 2724 409 2768 noster
414 2732 427 2778 ,·
443 2713 485 2768 aa
498 2715 589 2770 stadis
609 2714 754 2772 deminuat.
791 2714 871 2783 Quod
883 2715 908 2769 οἱ
