2150 3124
309 197 312 202 “
386 191 538 246 LIBER
567 191 622 247 lll.
873 190 911 246 dd

94 293 250 354 sedetiam
265 301 426 360 nostrorum
441 295 560 349 militum
575 297 687 348 vocibus
701 309 757 348 non
770 294 841 348 nihil
852 309 911 350 car·

94 375 229 437 peretur:
250 365 411 435 tantamque
426 368 584 433 opinionem
599 368 706 418 timoris
716 367 860 433 praebuit,
879 375 911 418 ut

94 443 155 491 iam
175 438 211 489 ad
227 436 331 489 vallum
347 443 501 489 castrorum
515 435 610 488 bootes
625 436 758 488 accedere
768 437 911 488 auderent.

95 509 133 562 ld
143 523 178 558 ea
187 507 221 558 de
232 521 331 558 caussa
342 505 473 569 faciebat,
487 505 632 574 quodcum
644 510 723 557 tanta
732 505 912 557 multitudine

97 578 233 639 hostium,
243 578 405 644 praesertim
417 590 450 627 eo
462 577 590 648 absente,
600 577 648 644 qui
658 589 793 626 summam
803 577 912 641 imperii

98 653 229 709 teneret,
249 647 304 696 nisi
322 659 411 713 aequo
433 643 508 708 loco,
529 651 577 696 aut
597 645 806 711 opportunitate
820 645 914 715 aliqua

100 715 184 777 data,
194 715 289 782 legato
301 715 485 766 dimicandum
496 729 552 766 non
563 715 748 766 existimabat.

155 786 257 838 XVlll.
272 823 274 828 ,
293 785 355 838 Huc
364 785 528 836 confirmata
538 785 667 849 opinione
678 785 799 847 timoris,
818 784 914 837 idone·

100 871 151 907 um
167 852 313 923 quemdam
324 853 463 906 hominem
474 860 503 906 et
512 852 644 906 callidum
655 853 773 922 delegit,
793 853 915 918 Gallum,

103 928 144 978 ex'
152 924 208 988 liis,
218 939 290 994 quos
301 925 398 976 auxilii
410 939 507 975 caussa
517 939 609 974 secum
619 922 747 976 babebat.
776 923 850 975 Huic
859 937 916 974 ma·

93 996 169 1062 guis
189 993 325 1062 praemiis
334 993 579 1062 pollicitationibus
599 1009 635 1044 ue
644 993 805 1060 persuadet,
825 995 867 1044 uti
878 993 914 1044 ad

103 1062 202 1117 hostes
213 1069 338 1116 transeat
348 1069 389 1126 ct,
405 1061 471 1130 quid
482 1065 542 1114 lieri
552 1009 634 1127 velit,
644 1063 751 1115 edocet.
770 1082 773 1092 ¹
787 1064 855 1127 Qui,
865 1065 914 1115 ubi

102 1147 155 1200 pro
171 1132 288 1200 perfuga
297 1133 333 1184 ud
344 1133 493 1193 eosvenit,
512 1133 640 1183 timorem
653 1133 841 1184 Romanorum
852 1147 915 1199 pro·

103 1204 197 1270 ponit:
218 1201 314 1270 quillus
330 1200 467 1270 angustiis
477 1201 535 1268 ipse
548 1197 678 1253 Caesare
694 1200 800 1254 Venetis
807 1217 916 1270 premo·

105 1273 168 1335 tor,
178 1270 274 1323 docet:
294 1285 377 1336 neque
388 1269 495 1340 longius
505 1269 608 1334 obesse,
628 1269 691 1336 quin
699 1271 826 1339 proximo
837 1279 916 1324 nocte

107 1340 224 1394 Solinus
245 1343 314 1392 olom
333 1357 368 1392 ex
381 1339 481 1392 castris
495 1339 643 1392 exercitum
658 1341 755 1392 educat
764 1337 792 1392 e't
801 1339 839 1391 ad
850 1337 917 1391 Co'e·

104 1411 193 1464 sarem
203 1409 303 1463 auxilii
311 1409 423 1482 ferendi
433 1423 528 1460 caussa
535 1407 738 1478 proficiscatur.
749 1459 751 1462 ,
775 1409 857 1471 Quod
868 1409 916 1459 ubi

106 1481 234 1544 auditum
247 1484 302 1541 est,
317 1479 491 1530 conclamant
502 1493 611 1541 omnes,
627 1480 800 1530 occasionem
811 1479 916 1545 negotii

104 1553 177 1603 benc
196 1549 311 1618 gerendi
332 1548 513 1601 amittendam
533 1563 589 1598 non
611 1562 686 1608 esse,
714 1546 749 1598 ad
770 1552 862 1598 castra
881 1547 917 1598 iri

105 1623 247 1686 enomere.
282 1618 390 1671 Multae
409 1633 455 1670 res
470 1617 506 1670 ad
520 1615 574 1669 hoc
588 1615 733 1668 consilium
745 1615 841 1667 Gallos
852 1615 916 1667 bor-

97 1692 252 1742 tabantur:
271 1689 447 1755 superiorum
464 1688 571 1739 dierum
583 1685 677 1740 Sabini
688 1687 841 1749 cunctatio,
854 1701 922 1753 per-¹

105 1759 190 1828 fugae
201 1759 388 1820 confirmatio,
406 1759 501 1824 inopia
511 1757 691 1819 cibariorum,
711 1756 754 1807 cui
765 1757 805 1808 rei
817 1769 917 1824 parum

106 1829 256 1897 diligenter
275 1829 310 1880 ab
330 1829 365 1878 iis
376 1833 438 1879 erut
450 1829 606 1892 provisum,
625 1841 688 1892 spes
698 1826 825 1878 Venetici
840 1825 919 1888 belli,

105 1905 138 1962 ct
154 1898 227 1966 quod
245 1895 304 1950 iere
319 1897 439 1951 libenter
450 1895 574 1947 homines
585 1896 626 1958 id,
645 1895 718 1963 quod
728 1896 840 1959 volunt,
859 1909 917 1948 cre·

107 1969 186 2020 dunt.
222 1967 275 2018 llis
286 1968 368 2020 rebus
378 1966 505 2026 adducti,
524 1979 579 2016 non
591 1966 666 2032 prius
676 1966 864 2019 Viridovicem
874 1980 917 2017 re·

107 2037 254 2106 liquosquc
270 2035 354 2089 duces
369 2051 404 2088 ex
419 2034 536 2087 concilio
553 2035 710 2099 dimittunt,
729 2051 812 2105 quam
827 2037 862 2087 ab
873 2034 917 2086 hir

108 2110 146 2159 sit
161 2121 335 2170 concessum,
354 2119 433 2157 armo
446 2107 488 2157 uti
500 2106 611 2171 capiant
621 2105 693 2157 etad
704 2112 795 2158 castra
806 2109 918 2158 conteu-

58 2207 63 2214 ·
109 2177 186 2228 dant.
222 2175 325 2238 Quare
337 2177 481 2237 concessa,
497 2173 577 2238 lacti,
592 2179 625 2226 ut
634 2174 780 2240 explorata
789 2174 918 2238 victoria,

109 2248 255 2299 sarmentis
264 2245 447 2313 virgultisque
458 2244 594 2306 collectis,
609 2245 708 2313 quibus
719 2244 807 2296 fossas
817 2243 919 2295 Roma·

5 2351 7 2358 ,
39 2315 42 2322 '
108 2331 208 2368 norum
220 2315 377 2382 compleant
384 2315 439 2379 ‚ud
449 2319 540 2367 castra
549 2319 677 2382 pergunt

104 2415 108 2420 -
162 2385 237 2437 XIX.
272 2385 365 2437 Locus
380 2391 440 2438 erat
454 2390 610 2436 castrorum
625 2384 717 2435 editus
730 2387 760 2434 et
772 2381 919 2449 paullatim

106 2456 142 2508 ab
160 2451 218 2506 imo
238 2454 367 2518 adclivis,
387 2455 495 2505 circiter
514 2467 613 2520 passus
626 2453 700 2504 mile.
737 2453 801 2503 Huc
814 2465 917 2520 magno

108 2539 193 2578 eursu
209 2525 425 2586 contenderunt,
445 2529 477 2574 ut
493 2537 575 2590 quam
592 2523 734 2573 minimum
750 2522 831 2589 spatii
841 2521 877 2572 ad
887 2535 918 2574 se

106 2594 283 2662 colligendos
294 2593 497 2662 armandosque
509 2593 638 2644 Romanis
649 2591 772 2655 daretur,
779 2591 918 2644 exanima·

110 2665 186 2732 tique
196 2669 392 2731 pervenerunt.
428 2662 562 2724 Sabinus,
582 2677 647 2713 suos
659 2659 917 2730 hortatus,cupicn'·

108 2735 183 2787 tibus
207 2734 396 2804 signum'dat.
433 2733 576 2800 liupcditis
595 2730 719 2785 hostibus
739 2733 857 2801 propter
874 2744 915 2787 cu·
1019 2810 1023 2814 .
