2150 3124
185 185 235 238 72.
376 179 432 234 DE
452 177 592 242 BELLO
613 170 798 230 GstLlCO

185 289 345 357 priusquam
356 300 390 348 ea
403 300 468 352 pars
479 284 688 350 Menapiorum,
702 295 774 348 quae
785 281 856 332 citra
866 278 993 334 Rhenum

187 358 282 426 quieta
300 357 329 405 in
349 356 407 406 suis
425 355 536 406 sedibus
557 358 631 414 erat,
651 353 754 402 certior
774 351 868 414 lieret,
889 349 994 402 ilumen

186 427 360 479 tranrsierunt
374 430 471 493 atque,
493 425 619 474 omnibus
629 435 725 473 eorum
736 420 867 472 aediliciis
877 434 992 486 occupa-

187 495 372 563 tis,reliquam
384 501 491 560 purtem
502 491 599 544 hiemis
609 506 639 543 se
651 504 746 543 eorum
758 491 842 558 copiis
852 489 990 540 aluerunt.

239 566 271 620 V.
306 565 359 616 His
375 563 409 616 de
425 565 506 618 rebus
517 564 618 614 Caesar
635 561 738 612 certior
752 558 856 624 factus,
875 564 903 611 et
917 561 991 624 intir-

186 638 313 690 mltatcm
322 634 467 686 Gallorum
483 634 600 694 veritus,
620 629 694 700 quod
703 632 804 680 suntin
817 629 940 681 consiliis
950 643 993 680 ca·

187 705 296 774 piendis
316 704 431 756 mobiles
452 709 480 755 et
497 703 577 753 novis
596 700 759 768 plerumque
774 699 857 752 rebus
871 697 994 760 student,

187 775 257 830 nihil
272 774 314 825 his
329 773 554 825 committendum
568 771 742 822 existimavit.
780 770 830 820 Est
840 775 933 821 autem
944 767 996 819 lroc

189 845 314 901 Gallicae
325 841 543 904 consuetudinis,
554 841 595 890 uti
604 846 633 891 et
643 840 777 901 viatores,
788 841 874 892 ctiam
885 839 997 900 invitos,

189 916 341 966 consistere
355 916 456 978 cogant
467 916 507 973 et,
527 909 601 977 quod
612 909 726 976 quisquc
736 923 833 960 eorum
843 908 877 959 de
887 922 997 976 quaque

188 999 221 1036 re
237 982 357 1034 audierit
374 986 423 1030 aut
438 979 614 1046 cognoverit,
633 982 769 1044 quaerunt
782 983 811 1028 ot
826 983 998 1029 mercatores

187 1054 218 1104 in
228 1051 335 1118 oppidis
344 1048 443 1116 vulgus
454 1049 655 1108 circumsistat,
668 1046 821 1113 quibusque
831 1061 866 1097 ex
876 1048 997 1113 regioni·

188 1123 240 1174 bus
251 1121 375 1182 veniant,
392 1133 513 1187 quasque
523 1117 560 1167 ibi
571 1130 616 1168 res
628 1117 820 1182 cognoverint,
834 1118 998 1179 pronuncia-

188 1206 221 1244 re
232 1195 341 1258 cogant.
369 1189 420 1239 His
432 1186 587 1238 rumoribus
596 1189 679 1251 atque
689 1183 876 1235 auditionibus
887 1198 997 1250 permo-
1024 1217 1027 1222 -

189 1262 224 1324 tt,
244 1260 279 1312 dc
298 1259 413 1310 summis
427 1271 510 1322 saepe
524 1257 607 1306 rebus
622 1253 857 1314 consiliaineunt,
878 1266 997 1320 quorum

190 1345 238 1383 eos
258 1345 273 1382 e
296 1329 410 1395 vestigio
431 1326 573 1394 poenitere
582 1338 692 1376 necesse
701 1324 756 1385 nst,
777 1338 860 1392 quum
871 1324 899 1374 in
910 1325 996 1374 certis

189 1399 348 1451 rumoribus
363 1399 485 1448 serviant
499 1401 527 1448 et
536 1395 661 1462 plerique
672 1393 707 1446 ad
717 1394 887 1446 voluntatem
899 1406 996 1447 eorum

190 1471 257 1522 licta
268 1467 459 1535 respondeant.
912 1521 913 1528 ἵ

242 1537 289 1589 Vl.
326 1538 389 1599 Qua
403 1531 735 1602 consuetudinccognita,
756 1534 871 1597 Caesar,
890 1547 996 1600 negra·
1021 1567 1023 1572 ,

190 1608 261 1659 viori
271 1607 345 1659 bello
358 1610 528 1668 occurreret,
540 1605 689 1667 nrnturius,
700 1619 782 1672 quam
794 1609 948 1664 consuerat,
959 1603 995 1654 ad

192 1678 343 1731 exercitum
355 1677 547 1745 proficiscitur.
581 1675 622 1726 lio
634 1689 718 1742 quum
728 1675 857 1736 uenisset,
866 1689 913 1734 ea,
922 1687 995 1739 quae

190 1747 252 1800 fore
262 1748 417 1812 suspicatus
427 1751 496 1807 crat,
507 1744 581 1794 iacta
592 1745 729 1812 cognovit,
735 1744 832 1796 missas
843 1743 996 1810 legationes

191 1817 226 1868 ab
246 1816 387 1867 nonnullis
402 1815 558 1865 civitatibus
572 1813 608 1863 ad
624 1813 791 1876 Germanos,
810 1815 996 1879 invitatusque

188 1899 253 1946 eos,
272 1887 312 1936 uti
332 1886 366 1936 ab
383 1879 478 1934 Rheno
494 1883 681 1945 discederent;
701 1885 849 1950 omniaque
864 1898 935 1950 quac
951 1895 996 1949 po·

191 1954 355 2016 stulassent,
376 1953 411 2004 ab
425 1968 455 2004 se
466 1951 526 2004 fore
536 1957 643 2018 parata.
678 1952 740 2013 Qua
751 1967 799 2018 spe
808 1951 919 2004 adducti
930 1951 996 2004 Ger-

190 2025 265 2075 mani
281 2023 365 2074 latius
379 2023 435 2072 iam
449 2023 620 2089 vagabantur
634 2021 705 2072 etin
720 2023 783 2072 linis
793 2023 954 2074 Eburonum
968 2026 997 2072 et

194 2093 415 2154 Condrusorum,
435 2094 480 2159 qui
491 2096 555 2142 sunt
565 2091 743 2142 'l'revirorum
755 2091 883 2154 clientes,
901 2105 995 2158 perre-

193 2167 300 2216 nerant
337 2162 510 2228 Principibus
530 2159 639 2212 Galliac
664 2162 800 2224 euocatis,
828 2161 931 2212 Caesar
953 2175 995 2222 ea,

192 2249 263 2301 quae
278 2237 458 2300 cognoverat,
477 2229 677 2282 dissimulanda
691 2231 743 2281 sibi
753 2231 934 2293 existimavit,
952 2244 996 2281 eo·

193 2318 309 2371 rumque
324 2302 423 2353 animis
438 2301 585 2367 permulsis
600 2306 629 2352 et
639 2302 808 2352 confirmatis
819 2301 995 2368 equitatuque

193 2377 343 2440 imperato,
354 2372 458 2424 bellum
470 2387 530 2436 oum
542 2369 688 2422 Germanis
699 2361 797 2438 g‘erere
808 2371 961 2422 constituit.

246 2443 306 2496 Vll.
335 2443 375 2494 Re
387 2441 569 2494 frumentaria
579 2445 738 2507 comparata
748 2441 940 2508 equitibusque
951 2439 997 2499 de-

192 2511 288 2574 lectis,
306 2513 361 2564 iter
378 2513 407 2562 in
429 2525 462 2564 ea
482 2511 544 2562 loca
559 2509 651 2564 iacere
668 2510 771 2576 coepit,
783 2511 880 2578 quibus
891 2509 995 2561 inlocis

193 2595 254 2632 csse
266 2581 418 2634 Germanos
432 2581 569 2634 audiebat.
604 2581 627 2634 Α
663 2579 743 2632 uibus
754 2595 837 2648 quum
847 2593 994 2648 paucorum

194 2649 299 2700 dierum
311 2651 496 2713 itersbessct‚
517 2650 603 2718 legati
613 2652 647 2702 ab
677 2650 700 2702 is
711 2655 860 2712 venerunt,
879 2663 994 2717 quorum

194 2714 262 2772 llaec
277 2717 330 2792 ¹init
345 2720 447 2774 oratio:
472 2721 619 2776 Gerrnanor
632 2735 715 2790 nsque
722 2717 935 2790 priorerpopolo
944 2715 997 2771 Ro·
