2134 3148
285 197 288 202 ’
353 223 609 278 nrrtrcixo.
828 222 882 276 oen

81 331 145 401 pido
160 333 301 400 praeerat,
328 335 356 380 et
368 327 396 380 P.
409 329 501 391 Atrio,
533 329 628 396 equite
639 327 763 380 Bouiano
774 328 808 380 de
819 345 882 381 con·

81 408 164 455 rentu
172 399 308 462 Uticensi,
321 403 349 449 et
360 401 472 450 camelis
484 397 591 449 duobus
603 405 631 448 et
641 400 739 466 viginti
751 401 826 466 regis
837 399 882 452 ad·

76 471 182 531 ¹ductis,
204 468 344 536 praesidio
356 469 392 518 ibi
405 485 466 519 eom
478 470 569 537 Oppio
583 468 678 538 legato
691 469 802 533 relicto,
823 471 882 536 ipse

82 559 112 594 se
123 540 247 605 recipere
261 539 352 605 coepit
363 539 397 589 ad
409 545 509 590 castra.

133 608 231 661 LXlX.
250 606 341 669 Quum
358 609 411 659 iam
427 624 483 659 non
499 608 581 678 longe
597 623 614 658 a
630 611 729 659 eastris
745 607 884 676 Scipionis

83 681 209 737 abesset,
239 694 310 746 quae
322 692 385 728 eum
398 694 512 730 necesse
524 684 586 730 erat
597 680 802 746 praetergredi,
831 679 885 730 lla·

77 749 180 801 'bienus
192 747 392 815 Ascaniusque,
424 764 485 799 eom
500 751 572 800 ouini
585 749 711 814 equitatu
723 750 833 818 levique
844 763 886 800 ar·

83 825 192 870 matura
208 832 242 869 er
258 818 367 869 insidiis
384 817 492 881 adorti,
523 819 628 886 agmini
644 819 702 867 eins
718 823 844 870 extremo
855 834 886 869 se

82 888 218 951 (iderunt,
243 893 327 955 atque
339 903 373 939 ex
383 888 501 938 collibus
513 890 609 956 primis
622 889 767 939 exsistunt
805 887 886 951 Quod

76 957 228 1026 'pirrstquam
251 957 355 1008 Caesar
375 959 580 1020 arrimadrertit,
600 957 738 1025 equitibus
760 958 818 1008 suis
839 956 886 1009 ho·

83 1030 166 1078 stium
180 1030 205 1077 ri
218 1029 368 1095 oppositis,
396 1029 519 1078 sarcinas
531 1028 702 1094 legionarios
718 1031 745 1079 in
757 1043 885 1080 acervum

82 1099 162 1149 inhet
178 1104 359 1164 comportare
370 1104 454 1165 atque
470 1098 599 1149 celeriter
615 1099 695 1164 signo
710 1097 835 1150 hostibus
848 1099 887 1148 in·
925 1105 928 1112 '

84 1167 167 1219 ferre.
205 1167 284 1230 Quod
296 1174 442 1234 postquam
453 1174 581 1234 coepturn
593 1174 637 1218 est
646 1166 717 1230 fieri,
737 1169 826 1234 primo
837 1167 886 1218 inr-

84 1245 151 1305 petu
167 1237 308 1304 legionum
323 1240 464 1304 equitatus
480 1245 509 1289 et
525 1237 593 1290 ieris
610 1243 753 1288 arinatura
764 1231 886 1289 hostium

13 1333 14 1376 i
53 1307 55 1312 '
85 1307 163 1358 nullo
185 1309 297 1374 negotio
324 1307 386 1358 loco
406 1307 486 1374 pulsa
507 1314 536 1358 et
557 1306 662 1358 deiecta
683 1311 727 1356 est
750 1305 784 1356 de
807 1306 885 1358 colle.

84 1378 174 1441 Quum
187 1378 241 1427 iarn
255 1376 355 1427 Caesar
367 1377 562 1439 existimasset,
584 1374 677 1427 hostes
688 1376 785 1442 pulsos
796 1375 886 1426 deter-

84 1449 211 1514 ritosque
223 1447 305 1496 linem
319 1446 470 1498 lacessendi
487 1447 625 1507 facturos
655 1449 683 1496 et
692 1447 747 1496 iter
758 1452 886 1510 coeptum

11 1547 13 1586 p
84 1531 202 1586 pergere
214 1516 365 1582 coepisset3
388 1516 487 1567 iterum
500 1515 629 1568 celeriter
642 1529 675 1566 ex
687 1516 821 1582 proximis
833 1515 888 1566 ool·

84 1589 157 1639 lihns
168 1591 316 1652 erumpunt
328 1593 410 1653 atque
423 1586 517 1636 eadem
530 1586 650 1645 ratione,
680 1600 734 1652 qua
745 1590 809 1635 ante
821 1584 887 1648 dixi,

84 1661 111 1709 in
124 1657 250 1708 Caesaris
261 1656 430 1722 legionarios
440 1657 573 1722 impetum
586 1653 690 1708 iaciunt
702 1654 838 1706 Numidae
850 1653 888 1704 le-

83 1729 180 1794 risque
191 1731 365 1788 armaturae,
386 1727 509 1776 mirabili·
524 1726 674 1776 velocitate
687 1725 818 1791 praediti,
841 1726 887 1793 qui

84 1799 159 1848 inter
170 1797 277 1863 equites
289 1796 450 1864 pugnabant
465 1802 494 1846 et
506 1812 560 1846 una
570 1795 729 1864 pariterque
740 1810 801 1847 cum
814 1796 888 1861 equi·

85 1869 159 1919 tibus
179 1880 324 1917 accurrere
351 1872 379 1916 et
399 1865 528 1933 refugere
549 1873 759 1918 consueverant.
777 1866 887 1929 houm

84 1937 137 1988 hoc
152 1938 260 2003 saepius
276 1935 402 1987 iacerent
417 1942 445 1986 et
460 1937 582 1988 lulianos
595 1937 803 2003 proficiscentes
816 1937 888 1986 inse·

85 2012 237 2074 querentur
249 2011 278 2056 et
293 2005 468 2074 refugerent,
497 2012 605 2059 stantes
621 2007 733 2072 propius
745 2020 800 2055 non
812 2019 888 2056 acce·

85 2079 184 2128 alerent
195 2083 224 2128 et
233 2075 368 2144 singulari
379 2091 482 2143 genere
493 2091 604 2144 pugnae
614 2079 770 2137 uterentur,
783 2089 887 2140 eosque

83 2146 184 2199 iaculis
195 2145 397 2198 convulnerare
408 2147 476 2196 satis
488 2161 550 2197 esse
562 2146 768 2205 existimarent;
785 2143 888 2194 Caesar

85 2216 234 2279 intellexit,
251 2212 320 2264 nihil
330 2213 407 2266 aliud
420 2229 468 2265 eos
479 2216 584 2277 citnari,
600 2216 651 2264 nisi
665 2221 695 2264 ut
705 2230 735 2264 se
747 2217 887 2280 cogerent,

84 2292 177 2338 castra
186 2288 213 2335 in
225 2300 259 2336 eo
271 2284 333 2335 loco
346 2298 465 2351 ponere,
484 2284 531 2335 ubi
543 2286 655 2335 omnino
666 2298 754 2348 aquae
767 2281 834 2332 nihil
847 2298 887 2335 es·

84 2363 141 2420 set3
168 2361 199 2405 ut
211 2355 350 2406 exercitus
365 2355 424 2404 eins
439 2353 563 2416 ieiunus,
593 2355 638 2419 qui
651 2368 667 2402 a
678 2357 778 2420 quarta
788 2351 887 2420 vigilio

82 2424 216 2493 usquead
227 2422 323 2475 horam
336 2422 471 2474 decimam
483 2423 540 2476 diei
551 2421 620 2473 nihil
630 2417 782 2490 gustasset,
804 2437 836 2472 ac
847 2421 887 2472 iu-

83 2503 177 2548 menta
187 2494 234 2546 siti
246 2494 377 2560 perirent.
540 2549 541 2558 p

134 2565 220 2618 LXX.
239 2563 329 2624 Quum
344 2565 396 2612 iarn
408 2563 442 2613 ad
454 2562 522 2613 solis
533 2577 661 2614 oceasum
673 2567 761 2623 esset,
793 2569 821 2612 et
832 2578 884 2612 non

81 2642 157 2690 totos
169 2640 279 2687 centum
292 2647 389 2699 passus
401 2635 427 2683 in
440 2631 536 2683 liorem
547 2630 613 2698 [lV]
624 2633 697 2684 esset
708 2647 885 2698 progressus;

82 2707 205 2776 equitatu
227 2717 277 2754 suo
298 2708 413 2770 propter
434 2719 567 2770 equorum
591 2704 735 2754 interitum
757 2707 883 2760 extrenrn

82 2773 881 2847 agmineremoto,legionesinrieemadextrennmiagmen

684 2895 692 2916 t
