2152 3144
315 125 607 224 'opressus
696 219 698 224 ἢ
850 151 902 206 aso

148 252 235 322 LXV,¹
252 257 365 323 lamque
376 252 553 325 Pompeiani,
582 269 685 324 magna
695 253 781 308 caede
793 260 902 308 nostro·

93 341 174 389 sum,
196 328 297 378 castris
310 323 467 376 Marcellini
479 324 755 446 adpropinquabant,
777 340 833 376 nou
845 340 900 378 rne-

93 395 187 448 diocri
198 401 307 449 terrorc
319 395 398 446 illato
409 393 524 461 reliquis
536 409 568 445 co
590 395 711 445 ortibus:
724 401 753 448 ct
762 394 802 447 M.
813 395 914 462 linto-¹

94 467 171 532 nius,
187 464 235 532 qui
246 465 402 534 proximum
413 462 505 514 locum
516 464 720 530 praesidiorum
731 465 854 526 tenebat,
866 480 900 516 ea

94 552 127 595 re
139 535 284 598 nunciata,
315 531 381 588 curn,
393 530 553 584 cohortibus
569 533 715 585 duodecim
727 530 902 587 descendeus

95 621 134 658 ex
142 603 206 672 loco
217 605 363 673 superiore
376 603 554 655 cernebatur.
580 603 665 666 Cuius
676 602 811 654 adrentus
822 602 903 655 l'onr·
922 607 923 610 ’

94 675 215 744 peianos
226 672 393 744 compressit
403 679 570 742 nostrosque
580 673 712 735 firmarit,
724 677 756 722 ut
767 687 902 739 seexma·

95 744 174 803 ximo
186 743 287 802 tiororc
299 742 474 810 colligerent
503 741 601 810 neque
612 742 700 795 multo
713 748 777 809 post
789 743 903 806 caesar,

96 811 307 880 significatione
317 826 366 879 per
377 811 493 864 castella
504 810 581 864 fumo
593 810 680 876 facta,
710 818 743 875 ut
753 817 814 864 erat
824 826 904 880 supe·

98 877 183 935 r'ioris
194 883 329 951 temporis
341 880 522 944 consuetudo,
543 881 672 934 deductis
683 881 848 952 quibusdam
860 875 909 952 cos

98 951 227 1004 hortibus
238 969 274 1005 cx
285 949 450 1020 praesidiis,
472 952 569 1004 codem
580 952 665 1005 venit.
702 951 767 1016 Qui,
790 951 903 1020 cognito

40 1017 41 1023 ’
98 1019 286 1090 detrimento,
309 1036 392 1090 quum
405 1019 661 1086 animadvertisset,
683 1021 844 1089 Pompeium
857 1016 909 1082 ex'·‚

100 1098 147 1152 tra
163 1092 336 1144 munitiones
352 1105 511 1159 egressum,
541 1096 636 1144 castra
651 1091 803 1146 secundum
818 1105 904 1153 more,

7 1217 11 1238 ,
100 1167 132 1224 ut
143 1159 232 1215 libere
243 1161 367 1229 pabulari
380 1168 484 1227 posset,
503 1175 554 1212 nec
565 1161 658 1213 minus
668 1161 775 1228 aditum
786 1161 904 1214 navibus

101 1230 232 1294 baberet,
253 1235 424 1293 commutata
437 1232 548 1282 ratione
559 1230 641 1293 belli,
661 1231 793 1300 quoniam
804 1243 905 1298 propo·

102 1301 188 1354 situm
199 1315 254 1352 nou
266 1305 410 1362 tenuerat,
430 1302 509 1352 iuxta
519 1299 682 1368 Pompeium
693 1301 803 1352 munire
814 1299 905 1351 iussit.

109 1397 115 1440 g
153 1370 253 1424 oxvl.
272 1371 333 1440 Qua
349 1367 476 1436 perfecta
490 1370 660 1433 munitione,
681 1369 908 1422 animadversum

100 1446 147 1502 est
158 1443 192 1492 ab
209 1437 430 1506 speculatoribus
443 1439 572 1491 caesaris
579 1475 588 1502 ,
619 1438 751 1493 cobortes
763 1437 907 1508 quasdam,

101 1510 174 1578 quod
186 1510 277 1561 instar
289 1507 410 1578 legionis
421 1509 572 1570 rideretur,
584 1521 646 1561 esse
657 1513 722 1576 post
733 1511 831 1562 silvam
843 1509 909 1574 etin

101 1586 200 1632 vetera
210 1585 303 1630 castra
317 1579 389 1632 duci.
426 1580 588 1630 Castrorum
602 1576 647 1638 bic
663 1579 734 1634 situs
750 1585 820 1632 erat.
856 1577 908 1634 Su·¹

102 1645 261 1720 perietibus
272 1649 378 1712 diebus,
388 1664 463 1700 nona
475 1643 603 1700 Caesaris
614 1648 688 1718 legio
700 1665 782 1717 quurn
794 1647 908 1701 scabie-

102 1721 190 1774 cisset
200 1718 380 1785 Pompeianis
392 1720 480 1786 copiis
493 1725 575 1786 atque
587 1732 680 1786 opera,
691 1717 909 1772 ut'dcmonstra·

105 1791 203 1853 rimus,
215 1789 452 1852 circummuniret,
464 1795 557 1841 castra
569 1802 603 1840 eo
614 1787 679 1842 locu
686 1790 791 1856 posuit.
828 1789 909 1841 llaec

103 1855 200 1919 silvam
212 1859 359 1925 quamdam
371 1858 584 1928 contingebant,
601 1874 691 1927 neque
702 1859 814 1928 longius
824 1857 909 1911 arma·

103 1931 130 1984 ri
150 1929 280 1996 passibus
301 1927 515 1998 quadringentis
530 1929 655 1982 aberant.
691 1928 772 1993 Post,
797 1933 908 1992 mutato

104 1997 222 2052 consilio
234 1998 399 2067 quibusdam
416 1999 452 2068 dc
464 1999 583 2061 caussis,
600 1991 717 2051 'Caesar
727 1999 820 2066 paullo
831 1999 909 2065 ultra

98 2079 168 2122 'eum
179 2067 271 2119 locum
283 2075 377 2121 eastra
387 2069 547 2121 transtulit:
575 2069 726 2136 paucisque
736 2066 908 2122 intermissis

62 2139 74 2188 ’.
105 2136 202 2190 diebus
214 2137 310 2191 eadem
323 2137 392 2190 haec
403 2136 553 2205 Pompeius
566 2144 751 2205 occupaverat
773 2144 818 2202 et,
833 2134 908 2203 quod

9 2238 15 2250 ι
106 2221 139 2258 co
150 2206 212 2259 loco
223 2205 319 2273 plures
331 2213 393 2259 crat
404 2207 530 2275 legiones
541 2204 702 2270 habiturus,
723 2207 825 2259 relicto
836 2207 910 2262 intes

106 2276 180 2328 riore
201 2276 289 2339 vallo,
314 2277 453 2328 'maiorem
476 2276 620 2327 adiecerat
634 2277 828 2340 munitionem.
865 2275 909 2326 lta

105 2345 215 2405 minora
224 2351 325 2417 castra,
347 2346 454 2398 inclusa
465 2345 629 2407 maioribus,
649 2345 758 2398 castelli
770 2333 852 2414 atipuc
864 2358 907 2396 ar-

107 2415 146 2468 cis
156 2415 249 2468 locum
260 2415 433 2467 obtinebant.
463 2416 532 2466 ltcm
544 2415 579 2466 ab
589 2415 692 2483 angulo
704 2420 858 2468 castrorum
871 2414 909 2466 sis

107 2484 195 2538 nistre
211 2485 396 2538 munitionem
411 2485 447 2539 ad
461 2482 564 2538 flunscn
581 2485 764 2552 perduxerat,
795 2486 911 2538 circiter,

107 2569 203 2624 passus
215 2555 447 2624 quadringentos,
472 2569 526 2622 quo
537 2554 655 2608 liberius
667 2570 699 2607 ac
709 2556 771 2608 sine
782 2553 907 2623 periculo

108 2625 209 2679 milites
221 2632 403 2694 aquarcntur:
425 2624 475 2678 scd
486 2630 510 2676 is
522 2639 646 2694 quoque,
666 2631 775 2678 mutato
787 2623 913 2696 consilio,
973 2653 976 2663 ι

110 2695 268 2767 puibusdanr
285 2695 320 2749 dc
337 2697 457 2762 caussis,
487 2711 556 2768 quas
567 2697 780 2750 commemorari
791 2708 906 2750 neeesse

892 3002 1065 3098 :a
