2152 3132
190 205 237 256 102
372 203 426 256 Dr
449 195 590 260 ΕΒΗ)
617 207 802 261 GALLlco

187 313 358 360 commeatus
378 311 510 376 expositis
525 311 658 362 militibus
664 285 685 375 ,’
699 317 727 363 et
742 327 810 380 quas
826 313 922 378 postea
938 309 998 364 La·

188 379 282 431 bienna
299 379 440 430 faciendas
457 389 602 432 curaverat
618 396 734 432 numero
751 381 814 445 Lx,
834 396 997 448 perpaucae
1053 397 1057 408 ‘

182 448 277 500 locum
298 454 441 515 caperent3
468 450 591 516 reliquae
614 449 672 502 lere
689 465 783 504 omnes
798 453 995 505 reiicerentur.

186 519 261 581 Quas
278 533 362 585 quum
379 519 547 586 aliquamdiu
559 521 662 572 Caesar
677 521 782 573 frustra
794 524 995 587 exspectasset,

187 603 221 642 ne
237 591 302 638 anni
319 593 445 654 tempore
462 606 479 641 a
496 593 670 656 navigatione
687 591 893 651 excluderetur,
915 587 995 708 quod

187 660 390 724 aequinoctium
408 659 533 720 suberat,
555 664 711 712 necessario
729 663 872 728 angustius
888 662 925 709 mi
938 661 994 709 itcs

188 727 336 777 collocarit
356 743 401 791 ae,
423 744 531 780 summa
546 730 748 796 tranquillitate
766 734 930 790 consecuta,
952 743 1000 778 se-

187 796 276 846 cunda
288 798 355 846 inita
367 813 448 863 quum
462 798 590 849 solvisset
600 799 703 866 vigilia,
719 802 808 867 prima
819 799 994 850 luceterram

186 865 287 932 adtigit
299 880 447 932 omnesque
459 867 611 918 incolumes
624 885 707 919 riores
719 869 859 935 perduxit.

222 933 322 986 xxiv.
349 933 497 985 Subductis
518 938 632 987 naribus
654 938 825 1005 concilioque
846 937 993 988 Gallorum

185 1000 398 1053 Sanirirobrirae
414 1009 541 1069 peracto,
562 1006 632 1073 quod
651 1021 684 1057 eo
696 1021 768 1056 anuo
782 1006 951 1057 frumentum
964 1007 993 1055 in

186 1069 278 1120 Gallia
294 1077 406 1136 propter
421 1074 557 1126 siccitates
573 1077 719 1141 angustius
732 1081 913 1141 provenerat,
930 1089 995 1125 coa·

185 1145 247 1190 ctus
258 1147 302 1190 est
313 1140 408 1201 aliter,
436 1156 468 1193 ae
478 1145 667 1208 superioribus
679 1146 758 1195 annis
765 1181 773 1208 ,
796 1145 950 1194 exercitum
963 1145 993 1195 in

186 1206 307 1260 hibernis
318 1210 454 1262 collocare
465 1212 645 1281 legionesque
657 1215 682 1263 in
695 1215 788 1279 plures
800 1214 926 1264 civitates
938 1212 993 1263 dis·

186 1279 324 1331 tribuere:
347 1282 494 1346 exquibus
513 1297 596 1332 unam
615 1286 643 1334 in
660 1285 784 1334 lllorinos
796 1282 949 1334 ducendam
962 1283 991 1333 C.

186 1347 273 1399 Fabio
285 1349 377 1416 legato
390 1349 479 1414 dedit3
506 1351 621 1404 alteram
634 1355 662 1403 in
673 1352 793 1405 Nervios
805 1353 837 1416 Q.
851 1353 992 1414 Ciceroni3

187 1419 297 1469 tertiam
314 1422 341 1469 in
355 1421 457 1472 Essuos
468 1421 500 1472 L.
513 1421 624 1487 Roscio3
648 1429 774 1491 quartam
785 1425 813 1474 in
825 1423 917 1474 llemis
929 1437 990 1472 cunt

187 1489 220 1537 Τ.
237 1487 361 1539 Labieno
381 1490 409 1540 in
426 1493 544 1542 confinio
560 1493 741 1544 Trevirorum
757 1491 880 1544 hicmare
896 1493 989 1554 iussit3

187 1563 245 1608 tres
260 1561 288 1608 in
304 1558 402 1626 Belgio
413 1560 571 1611 collocavit:
594 1560 636 1612 his
648 1564 686 1614 M:
700 1563 842 1625 Crassum,
864 1566 990 1630 quaesto·

188 1641 258 1689 rem,
280 1633 308 1678 et
319 1627 352 1678 L.
365 1630 520 1680 Munatium
532 1629 664 1682 Plancum
676 1637 704 1684 et
716 1633 744 1682 C.
757 1632 935 1693 Trebonium,
951 1629 988 1680 le·

187 1701 281 1763 gatos,
303 1697 446 1762 pracfecit.
482 1700 567 1749 Unam
585 1700 738 1768 legionem,
765 1701 988 1769 quamproxime

187 1771 264 1814 unns
281 1765 385 1816 Padum
402 1770 615 1834 conscripserat,
642 1776 670 1820 et
690 1769 818 1822 cohortes
829 1772 948 1836 quinque
959 1769 987 1819 in

187 1834 344 1896 Eburones,
366 1851 482 1902 quornm
495 1852 557 1902 pars
569 1840 688 1890 maxima
700 1847 743 1890 est
753 1842 827 1891 inter
838 1840 944 1890 Mosam
956 1852 987 1890 ac

187 1901 325 1964 libanum,
346 1905 393 1970 qui
413 1906 463 1955 sub
485 1909 600 1971 imperio
621 1910 786 1976 Ambiorigis
807 1917 836 1960 et
858 1908 987 1959 Cativolci

187 1977 281 2033 erant,
298 1973 379 2022 misit.
418 1975 467 2024 llis
478 1975 611 2026 militibus
622 1977 655 2039 Q.
667 1978 806 2029 Titurium
819 1975 948 2029 Sabinum
959 1981 987 2028 et
1000 1975 1007 1986 '

186 2039 219 2092 L.
238 2041 455 2094 Aurunculeium
472 2044 596 2108 Cottam,
618 2047 740 2115 legatos,
758 2063 888 2115 praeesse
902 2047 987 2099 iussit.

185 2110 225 2160 nd
243 2109 316 2160 bunc
331 2112 442 2164 modum
455 2112 610 2166 distributis
622 2117 790 2183 legionibus,
807 2117 937 2168 facillime
949 2118 988 2167 in·

185 2181 265 2245 opiae
284 2179 483 2236 frumentariae
503 2199 564 2235 sese
585 2187 689 2238 mederi
708 2202 790 2254 posse
811 2187 986 2238 existimavitr

186 2255 268 2316 atque
280 2248 376 2308 harum
387 2257 480 2304 tamen
493 2257 615 2306 omnium
626 2257 766 2322 legionum
778 2254 895 2308 hiberna
904 2260 988 2322 (prae-

186 2324 229 2368 ter
245 2334 319 2380 eam,
340 2335 420 2388 quam
432 2321 464 2373 L.
477 2323 576 2375 Roscio
587 2327 615 2375 in
628 2328 832 2392 pacatissimam
842 2332 870 2378 et
880 2328 988 2394 quletis·

185 2389 281 2439 simam
298 2396 404 2456 partem
422 2391 574 2445 ducendam
592 2395 718 2459 dederat)
735 2395 845 2448 milibus
861 2412 987 2463 passuum

185 2465 295 2509 centum
312 2462 536 2513 continebantur.
577 2466 639 2530 lpse
656 2468 778 2529 interea,
798 2467 887 2533 quoad
904 2467 984 2534 legio·

185 2541 234 2578 nes
253 2527 420 2581 collocasset
439 2537 599 2603 niunitrque
620 2534 733 2588 hiberna
748 2537 935 2605 cognovisset,
956 2535 982 2588 in

131 2648 135 2658 ,
185 2592 551 2654 Galliumorarieonstituit

184 2713 187 2718 .
218 2662 304 2719 XXV.
327 2667 395 2718 Erat
409 2669 437 2720 iu
454 2672 619 2724 contrutibus
635 2689 740 2727 summo
755 2676 816 2728 loco
827 2679 907 2726 natus
918 2671 984 2724 Tan-

183 2732 287 2800 gatlus,
302 2737 379 2802 cuius
390 2740 508 2794 uiatores
517 2743 546 2794 in
555 2757 606 2795 sua
616 2745 726 2799 civitate
736 2760 851 2817 regnum
862 2743 981 2800 obtinus·
