2152 3132
181 174 231 229 124
369 171 426 226 nu
445 170 589 226 nunno
610 167 793 240 onorico

180 272 344 330 Cavarinum
360 291 421 330 cum
437 276 568 346 erpritata
578 273 724 328 Senonum
734 288 828 325 socom
842 274 991 341 proticisci
1052 291 1053 346 ζ

178 348 263 410 iubet,
275 363 310 398 ne
322 346 382 414 quis
393 351 442 398 aut
451 361 486 398 ex
497 343 578 396 huius
588 345 741 404 iracundia,
752 349 801 395 aut
810 341 989 412 exeo,.quod

177 422 329 478 meruerat,
349 416 413 468 odio
425 417 555 476 civitatis,
575 420 668 466 motus
681 415 806 466 exsistat.
832 414 988 465 Hisnebus
1052 465 1053 478 ξ

130 501 132 508 ’
177 482 782 554 corretitutis,quodproexploratobabebat,
791 485 986 552 Ambiorigem

177 557 285 624 proelio
295 570 351 606 non
362 571 424 608 esse
435 561 675 618 concertaturum,
704 553 813 622 reliqua
824 555 883 606 eiua
892 554 991 622 consi·

177 627 218 678 lia
228 626 320 677 animo
332 625 579 692 circumspiciebat.
599 625 691 676 Erant
700 623 821 691 Menapii
832 625 985 691 propinqui

176 697 341 750 Eburonum
351 694 461 758 finibus,
473 695 614 761 perpetuis
624 693 771 759 paludibus
783 695 913 762 silvisque
925 708 987 747 nru-

178 767 245 826 niti,
275 766 322 833 qui
334 765 381 816 uni
392 779 427 816 cx
438 763 532 816 Gallia
544 764 578 820 de
590 778 658 830 pace
667 763 702 814 ad
714 763 861 815 Caesarem
874 763 986 832 legatos

178 847 330 902 numquam
348 835 497 900 miserant,
527 835 595 885 Cum
616 833 651 884 iis
672 848 732 886 esse
751 831 901 900 hospitium
920 834 986 886 Arn-

177 904 280 971 biorigi
291 903 409 955 sciebat:
432 904 500 954 item
511 918 561 968 per
571 902 823 954 Treviros'renisse
834 903 985 955 Germanis

177 976 207 1025 in
220 974 378 1032 amicitiam,
388 977 563 1039 cognoverat
585 972 663 1023 llaec
673 973 748 1038 prius
758 972 799 1022 illi
811 971 985 1024 detrahenda

177 1041 284 1094 auxilia
299 1042 489 1104 existimabat,
519 1055 606 1108 quarn
621 1043 710 1106 ipsum
724 1041 807 1093 bello·
817 1042 985 1106 lacesseret3

178 1126 229 1173 ne,
259 1110 407 1176 desperata
422 1111 526 1174 salute,
557 1115 607 1162 aut
620 1125 650 1162 se
661 1111 847 1177 in-Menapics
859 1113 985 1176 abderet,

180 1185 229 1232 aut
239 1195 300 1231 cum
311 1179 520 1232 transrhenanis
532 1179 664 1248 congredi
675 1187 831 1248 cogeretur.
858 1182 922 1233 Hoc
933 1184 985 1232 ini·

179 1255 211 1302 to
223 1249 354 1313 consilio,
378 1251 466 1301 totius
475 1251 613 1301 exereitus
630 1250 829 1316 impedimenta
840 1251 875 1302 ad
885 1252 984 1304 Labic-

180 1335 246 1370 num
261 1321 289 1370 in
305 1321 438 1372 Treviros
452 1321 552 1383 mittit,
585 1319 708 1387 duasque
724 1320 848 1388 legiones
867 1321 903 1372 ad
920 1337 983 1374 euru

180 1389 319 1458 proticisci
330 1390 419 1441 iubet:
449 1391 509 1456 ipse
519 1405 580 1440 curn
590 1389 746 1458 legionibus
758 1391 894 1457 expeditis
905 1393 984 1458 quin-

182 1475 235 1528 que
246 1461 275 1510 in
285 1459 431 1526 Menapios
442 1459 633 1526 proficiscitur.
662 1458 717 1522 llli,
732 1459 810 1512 nulla
820 1466 916 1513 coacta
927 1476 983 1512 nra·

182 1545 234 1592 nu,
253 1529 308 1580 loci
318 1529 456 1596 praesidio
467 1527 547 1593 freti,
557 1540 560 1548 ⁴
571 1530 600 1580 in
611 1529 695 1580 siluas
707 1529 880 1600 paludesque
888 1528 983 1582 oonsu-

183 1598 489 1668 giuntsuaqueeodem
501 1598 656 1651 conferunt.
1005 1601 1008 1606 '

236 1669 283 1721 Vl.
304 1668 418 1730 Caesar,
446 1669 559 1735 partitis
574 1670 659 1735 copiis
675 1682 735 1720 cunr
744 1669 780 1720 c·
788 1669 875 1720 Fabio
889 1669 982 1734 legato

183 1742 213 1788 ct
224 1738 261 1788 Μ.
274 1738 373 1788 crasso
388 1744 548 1806 quaestore,
580 1738 763 1806 celeriterque
779 1737 885 1790 effectis
896 1739 981 1804 ponti-

183 1807 244 1868 bus,
265 1807 484 1872 adittripartito,
506 1807 635 1858 aedilicia
643 1806 980 1874 uicosque-incendimu-

167 1889 239 1948 =gno
251 1876 361 1942 pecoris
371 1881 454 1942 atque
464 1873 606 1928 hominum
617 1880 858 1943 numero-potitur.
878 1877 981 1940 Quibus

181 1945 267 2018 rebus
278 1946 367 1996 coacti
373 1945 508 2011 Menapii,
517 1945 627 2014 legatos
639 1945 674 1996 ad
684 1961 747 1998 eum
757 1948 834 2013 pacis
844 1947 981 2014 petendae

181 2026 282 2066 caussa
290 2015 418 2067 mittunt.
452 2015 519 2079 llle,
547 2014 691 2068 obsidibus
701 2018 839 2084 acceptis,
862 2015 979 2085 bostium

182 2100 214 2136 se
224 2082 385 2136 habitururn
396 2100 513 2141 numero
525 2084 682 2148 coufirmat,
701 2086 726 2136 si
737 2092 785 2138 aut
795 2087 980 2154 Ambiorigem

183 2153 822 2222 auteiuslegatos‚'linibussuisrecepissent
857 2157 981 2208 Hiscer-

182 2217 304 2274 firmatis
315 2225 413 2286 rebus,
441 2223 596 2281 Commium
606 2225 769 2277 Atrebatem
784 2241 845 2278 com
857 2229 979 2294 equitatu

183 2293 309 2344 custodis
320 2293 421 2345 locoin
433 2293 575 2361 Menapiis
586 2294 720 2362 relinquit
725 2296 804 2363 ;ipse
815 2297 843 2347 in
851 2297 980 2350 'i'rcriros‘

183 2363 383 2428 proficiscitur,
630 2389 633 2399 ι
661 2415 662 2421 ,
809 2385 812 2394 ⁸
925 2397 927 2402 -

196 2460 200 2474 ι
241 2430 300 2482 Vll.
319 2430 393 2488 Dum
403 2429 627 2484 haecaGaesare
638 2439 787 2500 geruntur,
798 2435 980 2498 'frevirima-

183 2501 248 2568 gnis
265 2501 369 2551 coactis
385 2499 529 2566 peditatus
546 2504 741 2570 equitatusque
756 2505 859 2570 copiis,
876 2504 978 2554 Labie·

182 2581 250 2619 num
262 2583 390 2632 eumuna
399 2568 522 2635 legione,
538 2585 610 2636 qnae
621 2573 651 2622 in
662 2587 758 2623 eorum
769 2572 872 2623 finibus
883 2570 976 2622 hierna-

183 2635 242 2699 bat,
259 2635 364 2687 adoriri
377 2637 525 2702 parabant:
545 2639 657 2706 iamque
667 2641 701 2692 ab
713 2657 814 2693 eonon
825 2642 931 2708 longius
940 2641 976 2692 bi-

183 2701 231 2760 dui
241 2704 427 2770 viaaberant,
456 2721 540 2776 quum
555 2706 624 2760 duas
640 2712 751 2764 venisse
761 2711 887 2780 legiones
897 2713 974 2764 ndrso
