2180 3140
165 187 217 248 iub
378 188 433 242 DE
451 187 591 242 BELLO
605 185 744 242 :cluna

215 292 315 346 hxrx,
333 292 372 344 Ac
380 295 469 359 primo
478 291 622 345 Afraniani
638 289 741 343 milites
750 289 854 343 visendi
865 303 964 343 caussa

151 381 154 386 ¹
166 364 234 415 laeti
246 378 281 414 ex
291 363 388 414 castris
405 363 605 428 procurrebant
622 361 883 427 contumeliosisque
893 361 964 410 roci·

165 434 217 484 bus
228 433 474 499 prosequebantur,
495 447 546 482 nec
557 447 612 482 non
622 429 767 485 necessarii
777 429 864 482 victer
873 427 964 496 inopia

168 509 275 553 coactor
284 501 387 572 fugere
402 509 484 564 atque
499 501 537 552 ad
545 499 661 552 Ilerdam
679 499 791 551 reverti:
820 499 965 550 eratenim
993 505 997 514 ’

167 572 223 621 iter
237 585 255 620 a
266 572 410 637 proposito
427 569 564 620 diversum
579 571 804 636 contrariamque
818 570 847 619 in
858 574 965 634 portem

167 641 204 691 iri
223 639 377 690 videbatur.
413 638 505 690 Duces
525 653 592 690 vero
611 653 707 690 eorum
727 655 806 689 suum
822 636 968 690 ccrrsilium

168 708 298 760 laudibus
308 707 448 771 ferebant,
469 707 542 775 quod
558 722 588 758 se
600 709 877 770 castristenuisscnt;
894 705 968 756 mul·

168 784 282 844 tumque
297 792 393 829 eorum
409 779 567 843 opinionem
583 775 745 839 adiurabat,
775 776 849 843 quod
860 774 971 826 sinciu-

168 848 271 899 mentis
285 846 544 912 impedimentisque
560 845 596 897 ad
609 847 664 898 iter
675 846 818 912 profectos
830 845 971 906 sidebant,

170 921 212 978 ut,
223 929 279 966 non
291 929 371 981 posse
381 915 487 966 diutius
497 917 619 982 inopiam
629 918 778 980 sustinere,
787 914 972 968 confiderent.

141 1051 143 1055 Ι
171 983 235 1046 Sed,
246 985 291 1034 ubi
301 984 443 1050 paullatim
455 988 611 1052 retorqueri
622 1000 721 1052 agmen
732 985 767 1036 ud
778 985 901 1038 dextram
908 998 973 1034 con·

170 1059 330 1121 epexcrunt,
340 1054 450 1121 iamque
462 1055 565 1120 primos
574 1069 707 1122 superare
718 1055 862 1122 regionem
868 1059 974 1104 castro·

170 1137 233 1174 rum
254 1123 374 1174 animum
393 1124 587 1178 adverterunt:
617 1139 698 1175 nemu
714 1129 776 1176 erat
789 1123 858 1190 adep
875 1121 973 1176 tardus

171 1198 221 1244 eut
235 1191 343 1259 fugiens
360 1192 476 1256 laboris,
506 1195 573 1259 quin
587 1194 683 1245 stetim
699 1193 797 1246 antris
815 1189 974 1250 exeundum
998 1191 1002 1201 '

172 1262 467 1328 atqueoccurrendum
479 1269 615 1329 putarent
644 1261 974 1316 condenaturmerns
1004 1309 1006 1314 .

171 1337 254 1399 atquc
266 1346 362 1384 omnes
368 1334 482 1398 copiae,
503 1335 597 1399 paucis
609 1331 748 1399 praesidio
759 1331 865 1386 relicu's
876 1328 975 1382 cohor·
1003 1338 1007 1374 ἵ

154 1418 157 1423 ·
171 1401 258 1463 tibus,
271 1409 375 1453 exeunt
385 1408 517 1468 rectoque
527 1401 564 1454 ad
573 1399 973 1456 luerunitinerecontendunt·

193 1501 196 1504 -
227 1471 314 1523 LXX.
332 1472 401 1523 Erat
410 1473 437 1522 in
450 1471 596 1524 celeritate
608 1472 973 1538 omnepositumcertemeu,

171 1541 229 1598 utri
239 1543 316 1607 prius
327 1542 469 1608 angustias
481 1545 828 1608 montesqueoccuparent:
840 1538 890 1592 sed
896 1551 973 1597 exer·

173 1611 257 1660 citurn
270 1611 396 1662 (laeseris
406 1612 511 1661 viarum
524 1609 702 1664 difficultates
712 1609 874 1672 tardabant;
893 1604 972 1658 Afra·

171 1679 213 1728 nii
229 1681 323 1744 copias
337 1675 476 1746 equitatus
493 1681 619 1734 caesaris
634 1680 782 1745 insequens
801 1677 972 1728 morabatur.

170 1746 226 1799 Res
234 1753 329 1799 tamen
340 1747 674 1808 cbrifcenianisbucerat
683 1746 973 1808 necessariadeducta,

170 1821 218 1878 ut,
247 1817 269 1866 si
281 1817 389 1882 priores
398 1819 512 1884 urentis,
539 1819 769 1884 ,quuspetebanb
797 1816 973 1884 adtigisscnt,

170 1885 225 1950 ipsi
238 1885 389 1951 periculum
399 1887 534 1948 vitarent,
563 1886 760 1952 impedimenta
768 1888 857 1944 totius
869 1885 974 1937 exerci-

170 1959 217 2004 tus
235 1951 435 2021 cohortesque,
464 1957 495 2006 in
513 1957 613 2008 castris
630 1956 758 2019 relictas,
790 1969 903 2013 seruare
915 1969 973 2018 pon

171 2027 302 2090 possent,
323 2024 435 2090 quibus,
456 2025 617 2076 interclusis
628 2026 753 2093 cumcito
764 2024 903 2086 Caesaris,
924 2037 973 2074 au·

171 2091 272 2145 xillum
289 2091 358 2144 ferri
373 2093 450 2146 nulla
464 2093 575 2149 ratione
594 2099 714 2160 poterat.
751 2092 878 2144 &iniecit
892 2092 974 2158 prior

172 2161 228 2215 iter
240 2159 343 2214 Caesar
351 2168 450 2228 atquc,
481 2178 515 2215 ex
527 2165 635 2230 magnis
650 2163 768 2230 rupibus
776 2167 876 2212 tractus
886 2161 974 2230 plani·

172 2231 250 2294 tienr,
263 2233 299 2282 in
319 2230 371 2284 hac
385 2238 484 2284 contra
499 2230 609 2284 hostem
625 2233 713 2284 aciem
733 2231 859 2283 iustruit.
894 2229 973 2282 Afra·

173 2301 251 2362 nius,
281 2315 363 2370 quum
376 2302 410 2352 ab
422 2302 548 2370 equitatu
557 2302 740 2363 novissimum
753 2315 853 2368 agmen
863 2313 973 2365 preme-

172 2376 252 2420 retur
263 2375 293 2422 et
301 2376 366 2422 ante
377 2385 407 2422 se
419 2369 529 2422 hostem
539 2370 658 2432 videret,
666 2369 917 2437 -eullemquenrdam
925 2383 973 2420 na-

170 2445 248 2500 ctus,
269 2440 306 2489 ibi
319 2441 454 2491 constitit
489 2441 532 2492 Ex
544 2455 578 2491 eo
594 2439 656 2492 loco
667 2446 788 2507 quatuor
799 2443 971 2500 cetratorum

169 2503 296 2559 cohortis
304 2508 334 2558 in
345 2516 482 2572 montem,
514 2511 559 2576 qui
571 2509 671 2560 eratin
684 2513 835 2575 conspectu
847 2507 971 2558 omnium

170 2575 383 2639 excelsissimus,
399 2578 494 2628 mittit.
515 2577 599 2631 Hunc
609 2593 711 2644 magno
722 2592 804 2629 cursu
816 2577 971 2642 concitatos

168 2641 247 2693 iubet
259 2659 405 2710 occupare,
423 2661 456 2698 eo
468 2646 595 2708 consilio,
602 2647 649 2697 uti
658 2647 720 2714 ipse
727 2635 829 2714 ,endem
841 2644 970 2699 omnibus

170 2711 255 2774 copiis
266 2713 447 2776 contenderet
458 2720 494 2780 et,
514 2720 622 2767 mutato
632 2715 749 2780 itinere,
769 2714 971 2783 iugisOctege·
