2168 3134
199 172 250 228 212
386 171 439 224 DE
462 169 603 228 BEhLO
626 171 808 224 alhaico

201 275 360 344 regionibus
378 283 519 342 praeerat,
540 277 608 326 satis
624 273 719 328 tirnras
735 275 803 326 du'as
821 277 943 343 legiones
956 275 1006 328 lm·

199 350 264 398 bere
277 346 463 402 existimabat.
499 345 532 396 'l'.
545 343 699 396 Labienum
712 345 746 396 ad
757 359 787 395 se
799 352 904 408 evocat,
917 347 1002 412 legio«

200 432 315 484 uernqur
327 415 390 474 llll,
413 429 482 482 quac
495 429 557 464 cum
570 429 602 464 eo
615 412 708 465 iuerat
719 411 889 477 irs-bibernis,
907 418 933 466 in
946 417 1005 467 'lo-

198 493 289 554 gatam
302 485 423 536 Gallium
440 484 540 545 mittit,
561 483 595 534 ad
612 483 733 534 colonias
748 485 848 534 rivium
865 485 1003 536 linusano-

198 571 258 606 rum
271 555 402 617 turodas3
418 570 452 606 ne
464 552 536 620 quod
547 553 635 604 simile
646 554 851 605 incommodum
862 553 1003 607 accideret

198 627 360 677 decursione
371 625 561 684 barbarorum,
579 638 611 674 ac
623 625 765 691 superiore
776 630 884 675 aestate
895 626 1001 691 'lorge-

197 697 278 746 stinis
290 694 450 755 accidisset,
470 694 515 760 qui
532 693 680 758 repentino
695 693 840 744 latrocinio
856 701 940 760 atque
952 696 1002 744 ior·

197 775 264 832 petu
283 779 379 814 eorum
403 768 484 815 erant
501 763 636 828 oppressi.
673 763 733 830 lpse
744 763 779 814 ad
790 763 940 814 vastandos
952 765 1001 814 de

197 833 424 902 populandosque
435 831 506 881 sanes
516 831 682 902 Ambiorigis
699 832 896 898 proficiscitur,
917 849 1000 900 qoem

197 904 374 970 perterritum
387 918 418 952 ac
429 899 583 967 fugientem
594 917 676 968 quum
687 902 778 969 redigi
788 918 870 969 posse
881 905 907 952 in
920 917 1000 952 stram

195 976 361 1041 potestatem
383 970 572 1036 desperasset,
591 973 746 1035 proximum
767 987 834 1023 suae
855 973 1002 1040 dignitatis

196 1057 257 1094 csse
268 1040 394 1102 ducebat,
416 1039 486 1090 adeo
498 1040 569 1091 lines
581 1041 639 1091 oius
651 1047 760 1095 vastare
772 1042 885 1105 sirmas,
905 1043 1001 1094 aediti·

194 1114 255 1174 ciis,
266 1125 376 1177 pecore,
387 1115 418 1160 ut
429 1109 491 1160 odio
503 1123 617 1160 suorum
628 1112 778 1174 Ambiorix,
794 1113 817 1161 si
827 1127 897 1178 quos
910 1111 1000 1163 fortu-

195 1181 357 1232 traiecisset
370 1180 501 1245 reliquos,
522 1179 629 1229 nullum
646 1179 764 1230 reditum
781 1186 896 1248 propter
905 1186 1000 1232 tantas

194 1251 369 1305 raianritatcs
381 1249 497 1300 baberet
506 1249 535 1298 in
546 1249 696 1302 civitatem.

248 1320 332 1374 XXV.
351 1319 441 1382 Quum
456 1319 485 1369 io
497 1319 587 1369 omnis
610 1327 703 1385 partes
719 1317 815 1371 linium
827 1320 999 1389 Ambiorigis

195 1399 244 1443 aut
256 1392 380 1459 legiones
391 1395 440 1439 ant
450 1389 552 1440 auxilia
565 1387 722 1451 dimisisset,
739 1397 822 1458 atque
834 1393 928 1441 omma
937 1405 999 1441 cac-

194 1463 283 1523 dibus,
304 1459 453 1520 iocendiis‚
475 1459 582 1524 rupinis
598 1464 745 1520 vastasset,
766 1475 868 1528 magno
880 1475 999 1511 numero
1021 1453 1027 1462 '

194 1530 335 1583 horninum
353 1528 501 1582 interiecto
518 1535 568 1579 aut
583 1535 676 1596 capto:
696 1529 848 1582 Labienum
860 1544 921 1581 cum
932 1529 1000 1581 dua·

192 1600 245 1654 bus
266 1600 423 1667 legionibus
444 1600 472 1649 in
487 1599 617 1650 'treviros
634 1601 732 1660 rrrittit,
752 1615 869 1667 quorum
890 1600 998 1660 civitas,

192 1677 306 1736 propter
319 1669 485 1720 Germaniae
501 1670 670 1720 vicinitatem
685 1668 852 1735 quotidianis
863 1671 998 1720 exercita-

193 1751 222 1789 ta
234 1739 327 1799 bellis,
357 1738 435 1788 cultu
453 1742 482 1788 et
495 1736 610 1788 feritate
628 1752 683 1801 non
694 1737 811 1788 multum
823 1753 840 1788 a
851 1737 997 1788 Germanis

193 1807 340 1862 dill'crcbat
347 1843 354 1868 ,
387 1821 475 1872 oeque
486 1807 621 1871 imperata
631 1820 776 1872 uniquam,
798 1808 859 1858 'uisi
871 1810 996 1858 exercitu

135 1933 137 1937 ,
193 1882 297 1935 wacta,
320 1873 447 1926 faciebat.

246 1945 344 1996 xxm.
366 1943 478 1994 interim
497 1945 525 1994 C.
538 1943 669 1994 Caninius
684 1944 807 2010 legatus,
838 1959 923 2013 quurn
939 1960 996 1997 ma·

192 2031 275 2082 gnam
288 2013 495 2064 multitudinem
513 2016 674 2065 convenisse
691 2013 814 2066 hostiurn
829 2016 858 2065 in
871 2016 940 2066 lines
951 2016 994 2067 Pi·

193 2095 305 2135 ctonum
316 2084 418 2135 litteris
429 2085 592 2148 nunciisque
603 2083 714 2134 Duratii
731 2092 926 2152 cognosceret,
947 2087 994 2154 qui

192 2164 327 2222 perpetuo
339 2155 366 2204 in
378 2151 691 2205 amicitiallomanorum
699 2161 899 2220 permanserat,
910 2170 993 2222 quum

192 2240 257 2292 pars
269 2223 405 2292 quaedam
416 2223 535 2280 civitatis
547 2223 606 2273 eius
622 2221 782 2288 defecisset3
815 2223 851 2276 ad
862 2225 991 2292 oppidum

192 2297 346 2346 lmrrronum
359 2293 510 2344 contendit.
527 2292 589 2355 Quo
601 2307 684 2360 quum
696 2293 861 2346 adventaret
870 2300 992 2361 atqueex

192 2365 307 2430 captivis
319 2357 421 2416 certius
433 2368 620 2437 cognosceret,
632 2363 726 2414 multis
738 2361 877 2414 hominum
884 2365 993 2415 milibus

192 2449 210 2483 a
221 2434 380 2495 Dumnaco,
406 2431 476 2484 duce
486 2431 618 2494 Andium,
644 2432 792 2484 Duratium
806 2434 928 2485 clausum
940 2434 992 2486 laee’

191 2505 267 2552 mom
284 2505 450 2570 oppugnari3
482 2516 572 2568 neque
586 2503 710 2554 infirmas
728 2502 851 2570 legiones
867 2501 993 2554 hostibus

191 2573 364 2624 committere
390 2573 520 2635 auderet3
555 2577 648 2622 castra
673 2575 780 2623 munito
806 2573 868 2624 loco
891 2575 991 2639 posuit.

191 2636 358 2703 Dumnacus,
370 2656 453 2708 quurn
465 2641 686 2708 adpropinquare
697 2642 841 2694 caninium
852 2644 991 2710 cognoris·

128 2737 130 2744 ,
191 2714 243 2769 net,
255 2709 342 2773 copiis
353 2711 481 2762 onrrribus
492 2710 528 2762 ad
538 2709 664 2780 legiones
675 2713 825 2775 conversis,
835 2719 929 2766 castra
939 2713 991 2766 liu·
