2180 3140
180 182 233 238 eie
403 178 458 230 DE
478 177 621 242 BELLO
643 177 775 235 civiti

181 285 319 355 spectatio
328 291 412 355 atque
425 285 548 336 omnium
558 284 660 339 intenti
671 283 757 334 animi
768 281 803 332 ad
815 295 913 348 pacem
924 295 991 334 esse

180 355 353 408 videbantur.
392 355 455 416 Qua
470 369 505 406 ex
515 353 673 420 frequentia
684 354 716 404 T.
728 352 870 406 Labienus
884 351 992 418 prodit,

181 426 320 478 submissa
335 427 461 479 oratione
473 424 549 492 loqui
561 423 594 476 dc
609 438 675 490 pace
688 422 912 488 atquealtercori
924 438 990 474 cum

181 496 297 548 Vatinio
313 496 420 562 incipit.
436 525 438 530 .
456 495 580 557 Quorum
595 493 713 544 mediam
730 496 886 546 orationem
901 495 990 546 intor-

182 571 314 631 rumpunt
325 564 445 631 undique
455 565 549 616 subito
559 563 617 615 teia
627 564 759 627 immisse,
771 580 840 632 quae
851 563 898 615 ille
909 566 989 623 obte-

182 641 242 685 ctus
254 637 339 686 ermis
350 635 466 686 miiitum
478 635 583 686 vitarit.
607 633 903 694 Vulneranturtarnen
913 649 988 684 conr-

183 703 291 770 plures‚
312 706 341 755 in
352 703 395 755 bis
407 703 551 755 Cornelius
561 703 681 765 Balbum
702 704 742 756 M.
752 704 873 765 Plotius,
893 703 927 762 L.¹
938 703 987 754 'li-

181 774 301 836 burtius‚
324 774 501 826 centuriones
512 773 670 841 militesque
682 774 816 828 nonnulli.
848 773 920 824 'i'um
931 773 987 824 La-

181 843 292 905 bienus,
311 840 436 896 Desinite
448 859 512 910 ergo
522 843 553 894 de
562 843 752 910 compositione
762 843 849 913 ioqui:
869 859 932 895 nom
941 860 988 911 noy

184 913 233 976 bis,
252 912 306 966 oiri
320 911 444 964 Caesaris
455 911 543 978 capite
554 915 642 966 relato
648 951 657 977 ,
675 930 734 982 pax
744 931 797 968 esce
806 915 882 969 neila
888 921 986 980 potest.

236 982 297 1034 XX.
315 983 415 1033 lisdem
426 983 599 1050 temporibus
616 982 746 1050 [Rornae]
757 986 795 1036 M.
809 983 921 1036 Coelius
930 985 987 1036 Ru·

183 1051 229 1103 fus
241 1061 370 1117 praetor,
394 1052 661 1106 caussadebitorum
675 1059 817 1121 suscepta,
839 1054 918 1104 initio
931 1067 994 1104 men.

184 1123 319 1189 gistratus
331 1122 455 1173 tribunal
464 1137 545 1172 suum
556 1125 635 1174 iuxta
645 1125 674 1175 C.
686 1125 829 1188 Trebonii,
847 1123 987 1189 praetoris

183 1191 298 1255 urbani,
330 1191 425 1243 sellam
438 1192 637 1256 collocarint,
665 1194 690 1245 si
700 1196 762 1261 quis
773 1192 986 1261 adpeliassetde

183 1262 381 1314 aestimatione
393 1267 422 1314 et
432 1261 466 1312 de
477 1262 677 1326 solutionibus,
698 1279 769 1332 quae
778 1279 828 1331 per
839 1264 986 1314 arbitrium

183 1333 297 1394 tierent,
319 1339 351 1383 ut
362 1333 464 1384 Caesar
473 1346 606 1398 praesens
618 1335 816 1395 constituerat,
836 1332 898 1386 fore
909 1332 988 1384 auxi·

184 1401 225 1452 iio
237 1403 432 1468 pollicebatur.
467 1401 520 1453 Sed
532 1404 618 1455 tiebat
628 1403 769 1471 acquitate
782 1402 887 1455 decreti
898 1408 927 1454 et
936 1400 987 1452 hu-

183 1475 320 1524 manitate
331 1473 464 1524 Trebonii
471 1508 480 1534 ,
499 1471 600 1538 quibis
611 1472 783 1538 temporibus
794 1472 946 1526 clementer
957 1469 993 1523 et'

182 1543 327 1596 moderate
337 1544 381 1594 ius
393 1542 540 1594 dicendum
552 1543 737 1610 existimabat,
758 1547 790 1594 ut
800 1543 918 1608 reperiri
929 1555 990 1593 non·

183 1620 287 1682 posset,
298 1629 315 1664 a
325 1613 425 1680 quibus
434 1613 542 1662 initium
554 1611 712 1678 adpellandi
723 1619 895 1666 nasceretur.
911 1610 983 1662 Nam

183 1683 305 1736 fortasse
325 1683 447 1747 inopiam
464 1695 595 1734 excusare
611 1687 640 1732 et
655 1681 843 1733 calamitatem
861 1687 910 1732 aut
925 1695 987 1744 pro-

180 1756 269 1821 priam
286 1767 364 1802 suam
381 1759 429 1800 aut
444 1755 600 1816 temporum
616 1753 695 1818 queri
712 1757 741 1802 et
750 1750 929 1804 difficultates
939 1765 989 1800 au-

181 1821 322 1874 ctionundi
334 1833 498 1886 proponere,
519 1821 602 1871 etium
614 1821 761 1872 mediocris
772 1825 816 1872 'est
825 1821 930 1881 animi3.
943 1821 986 1869 in·

180 1900 274 1959 tegras
286 1905 351 1940 vero
366 1895 464 1940 tenere
473 1890 686 1956 possessiones„
701 1892 791 1956 quise
803 1889 903 1942 debere
915 1889 988 1940 fate·

181 1968 275 2024 antur,
295 1960 374 2012 cuius
386 1958 481 2020 animi,
502 1965 551 2010 aut
562 1959 639 2009 cuius
648 1959 838 2024 impudentiae
850 1957 910 2012 esti
930 1960 984 2010 lta-

180 2047 248 2099 que,
268 2030 321 2082 boc
331 2031 378 2098 qui
389 2029 559 2096 postularet,
574 2029 766 2094 reperiebatur
775 2044 866 2082 nemo.
896 2030 984 2097 Atque

179 2101 261 2167 ipsis,
282 2099 318 2152 nd
329 2114 445 2168 quorum
455 2097 631 2150 commodum
643 2099 813 2165 pertinebat,
835 2101 933 2152 durior
944 2101 987 2150 in·

180 2176 280 2223 rentus
297 2177 340 2222 est
351 2169 462 2222 Coelius
478 2175 517 2231 et‘,
550 2169 585 2220 ab
601 2166 654 2220 hnc
668 2169 808 2236 profectus
821 2171 917 2234 initio,
947 2185 987 2222 ne·

179 2242 288 2294 frustra
297 2243 438 2308 ingressus
450 2243 559 2305 turpem
573 2254 697 2292 caussam
709 2240 863 2304 videretur,
891 2241 987 2308 legem·

179 2311 380 2380 promulgarit,
399 2315 435 2360 ut.
441 2313 533 2360 sexies
543 2311 608 2360 seni
614 2309 675 2362 dies
685 2311 746 2362 sine
757 2311 850 2362 usuris
861 2311 987 2364 creditae·

179 2383 313 2448 pecuniae
323 2381 477 2432 solvantur.

191 2479 195 2487 ·
232 2451 307 2501 xxi.
327 2450 417 2512 Quum
428 2451 575 2502 resisteret
586 2446 718 2502 Servilius
726 2450 823 2503 consui
829 2449 981 2518 reliquique

180 2522 379 2588 magistrat-us,
402 2525 432 2572 et
442 2521 533 2572 minus
544 2519 674 2585 opinione
684 2535 735 2572 sua
744 2519 878 2574 efficeret:
890 2519 925 2572 ad
936 2519 983 2571 bo·

180 2591 286 2642 minum
298 2588 445 2641 excitanda
456 2589 562 2650 studia,
589 2588 702 2642 sublata
710 2592 802 2656 priore
814 2590 892 2658 iege,
913 2589 981 2641 dues

181 2657 383 2724 promulgarit;
401 2672 493 2719 unum,
505 2673 559 2723 qua
569 2659 710 2710 mercedes
721 2659 923 2712 habitationum
935 2675 981 2712 an·

183 2741 252 2778 nuas
264 2725 479 2778 conductoribus
489 2725 604 2786 donarit
613 2741 627 2787 ς,
640 2727 923 2786 aiteramtabuiarum
934 2745 982 2783 no·
