2124 3154
196 179 249 245 noo
413 180 443 234 c.
462 180 567 244 reon
586 181 783 245 cnesnnrs

197 285 271 352 qnod
282 290 336 336 ate
348 284 441 337 nullas
453 287 615 351 acceperim,
628 283 735 348 scribit,
747 285 887 338 retinete
898 283 994 348 fuisse,

196 353 259 405 cum
270 354 305 404 ud
317 366 391 407 mare
402 358 558 416 accesserit,
569 363 620 408 etc.
656 355 703 408 Ex
715 353 772 408 cte.
782 354 828 407 tit.
838 353 856 408 3
865 355 902 406 ad
915 352 986 418 Quis

197 431 253 476 tum
259 423 395 494 fratrem,
412 439 452 491 ep.
465 423 488 474 l.
500 433 630 476 extrema.

249 496 317 544 Cum
329 492 401 545 hanc
411 496 466 546 iam
478 493 624 560 epistolem
635 493 843 560 complicarem,
855 492 994 544 tabellarii

196 575 215 614 a
225 563 304 629 nobis
315 568 451 614 venerunt
462 578 486 614 e
498 563 524 614 d.
536 563 576 613 Xl
588 563 650 614 Kal.
662 561 738 628 Sept.
750 565 881 614 vicesimo
893 561 947 614 die.
969 562 992 614 0

195 645 240 683 me
257 631 419 683 sollicitum!
442 639 575 700 quantum
587 646 641 698 ego
658 631 735 682 dolui
749 633 777 681 in
789 631 918 681 Caesaris
933 646 994 680 sua·

194 701 315 751 vissimls
328 701 445 753 litter-is!
468 701 518 752 sed
528 716 582 769 quo
593 706 672 752 erant
683 701 838 762 suaviores,
861 715 895 751 co
909 702 993 752 malo-

196 785 254 828 rem
267 770 392 822 dolorem
404 770 480 822 illius
492 771 539 823 ille
552 785 632 822 casus
644 768 788 822 afferebat.
822 767 871 823 Er
883 765 940 822 0⁸¹0.
950 767 995 821 o't.

195 837 260 890 3αά
272 838 403 904 Quintum
407 840 531 912 fratrem
540 857 580 908 ep.
589 838 613 891 l.

195 957 245 1010 EX
266 957 456 1012 EPlSTOLlS
479 961 529 1014 AD
554 962 584 1012 C.
607 959 748 1012 OPPlVM
770 959 820 1012 ET
840 957 996 1012 BALBUM
1042 965 1044 994 ³

484 1030 703 1082 CORNELlUM-

386 1107 487 1165 antar
499 1111 588 1182 Oppio
600 1124 628 1166 et
641 1113 764 1166 Cornelio
777 1114 805 1166 S.

217 1227 218 1230 ,
249 1183 364 1236 Gaudeo
376 1181 544 1247 mehercule,
561 1198 610 1234 ros
621 1185 778 1253 significare
790 1183 891 1245 literis,
913 1198 996 1252 quum

194 1254 275 1306 valde
287 1255 412 1322 probetis
423 1267 469 1315 ea,
489 1268 559 1320 quac
574 1254 647 1318 apud
659 1252 808 1306 Corfinium
824 1258 889 1304 sunt
905 1261 995 1321 gesta.

194 1324 313 1376 consilio
325 1330 417 1375 restro
429 1327 494 1374 uter
503 1323 634 1385 libenter,
656 1328 684 1375 et
694 1321 747 1374 boc
757 1323 898 1381 libentius,
920 1323 996 1390 quod

194 1409 258 1445 mea
267 1399 365 1461 sponte
376 1393 721 1455 lacereconstitueram,ut
730 1407 810 1458 quam
822 1393 996 1444 lenissimum

195 1477 240 1514 me
251 1465 424 1528 praeberem,
445 1468 473 1514 et
484 1461 643 1528 Pompeium
656 1463 751 1513 darem
763 1475 887 1528 operam,
909 1467 941 1511 ut
954 1477 996 1513 re·

195 1532 379 1586 conciliarem.
415 1538 555 1584 tentemus
565 1531 618 1585 boc
628 1531 720 1592 modo,
731 1531 756 1582 si
766 1546 924 1598 possumus,
938 1547 995 1582 om·

195 1602 271 1653 nium
282 1604 440 1655 voluntates
451 1617 626 1668 recuperare,
632 1607 661 1654 et
667 1601 799 1652 diuturna
808 1601 927 1652 victoria
938 1603 994 1662 utl;

195 1674 327 1737 qnoniam
336 1674 438 1740 reliqui
455 1671 618 1725 crudelitate
633 1672 728 1723 odium
744 1669 869 1736 effugere
879 1684 936 1720 non
949 1685 996 1736 po-

194 1747 323 1804 tnerunt,
351 1756 439 1807 neque
457 1743 602 1792 victoriam
625 1741 730 1792 diutius
750 1746 862 1801 tenere,
882 1747 997 1805 praeter

194 1823 278 1858 unum
294 1809 325 1860 L.
337 1807 456 1872 Sullam,
477 1825 558 1876 quem
575 1813 734 1862 imitaturus
749 1823 804 1860 non
820 1823 889 1858 sum.
926 1807 996 1860 baec

193 1891 266 1928 nova
275 1878 313 1929 sit
323 1881 396 1929 ratio
408 1879 544 1943 vincendi,
560 1886 591 1931 ut
602 1879 793 1932 misericordia
805 1885 834 1930 et
843 1878 996 1929 liberalita-

193 1954 222 1998 te
244 1962 295 1999 nos
313 1949 477 1999 muniamus.
512 1950 541 2000 id
559 1949 789 2018 quemadmodum
811 1947 873 1998 lieri
896 1949 997 2012 possit,

193 2017 329 2069 nonnulla
339 2017 407 2070 mihi
418 2019 447 2068 ln
460 2025 580 2070 mentem
591 2022 719 2081 veniunt,
731 2023 759 2070 et
770 2017 858 2068 multu
874 2017 997 2082 reperiri

194 2093 319 2154 possunt.
354 2088 404 2139 De'
414 2086 457 2139 his
473 2089 556 2140 rebus
573 2105 720 2156 rogovos,
747 2093 779 2138 ut
794 2087 996 2153 cogitationem

171 2159 359 2242 “suscipiatis
396 2159 444 2208 Cn.
456 2159 590 2225 Magium,
610 2157 735 2224 Pompeii
745 2155 928 2224 praefectum,
946 2155 995 2206 de·
1040 2217 1041 2232 ἶ

193 2226 338 2292 prehendi.
368 2227 483 2280 ,scilicet
495 2243 556 2279 meo
568 2228 696 2279 instituto
713 2241 779 2279 usus
791 2241 865 2288 sum,
888 2230 917 2276 et
930 2238 996 2275 eum
1040 2237 1041 2244 ¹

193 2299 288 2350 statim
300 2299 415 2348 missum
426 2297 489 2349 leci.
508 2300 563 2348 ium
575 2297 630 2348 tluo
641 2295 778 2362 praefecti
789 2294 900 2345 fabrum
914 2293 996 2344 Pom·

193 2367 249 2432 peii
264 2368 291 2417 in
309 2382 399 2420 meum
419 2373 586 2433 potestatem
607 2372 756 2428 venerunt,
778 2372 807 2416 et
821 2379 839 2414 u
852 2378 895 2414 me
913 2362 996 2412 nrissi

192 2441 266 2486 sunt.
301 2439 325 2486 sl
337 2435 431 2488 volent
441 2438 515 2503 grati
527 2452 595 2496 esse,
606 2436 745 2498 debebunt
756 2433 918 2500 Pompeium
928 2429 995 2482 hor-

192 2506 256 2566 tori,
268 2511 298 2554 ut
310 2506 388 2556 mallt
398 2504 465 2556 mihi
476 2523 537 2558 esse
549 2507 667 2566 amicus,
679 2520 761 2571 quam
773 2501 831 2565 his,
842 2503 888 2568 qui
900 2506 929 2552 et
940 2501 996 2564 illi,

193 2571 299 2622 etmihi
311 2589 421 2638 semper
431 2573 543 2626 fuerunt
560 2574 753 2624 inimicissimi:
776 2587 892 2640 quorum
903 2572 997 2622 artifi-

192 2637 243 2686 ciis
255 2639 383 2692 ellectum
396 2648 484 2704 est,ut
495 2643 649 2708 respublica
658 2642 687 2692 in
700 2641 772 2694 hunc
782 2646 887 2694 statum
897 2653 995 2708 perre-

193 2704 274 2756 niret.
309 2708 357 2761 Ex
367 2705 423 2760 Cic.
435 2709 480 2762 lib.
490 2711 507 2762 9
519 2711 556 2763 ad
564 2709 649 2764 Attio.
661 2726 701 2779 ep.
713 2710 738 2764 8.
