2150 3124
168 217 203 272 ss
353 203 779 300 uuuaaaoesan'rco

106 323 108 334 ’
167 320 309 375 aedificari
319 321 348 374 in
359 311 592 388 llumineLige'ri,
603 319 676 388 quod
687 320 777 373 intluit
786 321 976 386 leomarum.

167 395 287 461 remiges
310 407 344 444 ex
358 391 498 460 provincia
512 392 633 453 institui,
652 397 751 442 nautas
761 393 984 460 gubernatores·
1061 421 1062 424 =

167 477 222 532 que
241 463 395 529 comparari
414 461 500 512 iubet.
536 460 590 512 ilis
609 461 692 512 rebus
712 461 840 514 celeriter
858 463 982 514 admini-
1061 480 1062 528 p

167 535 275 594 stratis,
294 535 366 599 ipse,
387 545 470 599 quum
485 531 604 597 primum
619 544 669 596 per
679 533 743 582 anni
754 539 863 599 tempus
874 533 975 599 potuit¹

167 603 204 656 ad
228 603 380 654 exercitum
401 601 551 652 contendit.
587 601 688 654 Veneti
709 601 888 670 reliquaeque
907 604 975 653 item
1061 599 1062 642 f

169 673 303 734 civitates,
310 673 419 738 cognito
432 671 558 722 Caesaris
568 669 695 740 adventu,
706 671 787 722 simul
798 672 881 740 quod,
892 686 976 740 quan-

170 748 229 794 tum
240 744 268 792 in
279 757 308 794 se
319 741 426 792 facinus
438 740 622 802 admisissent,
632 740 976 809 intellegebantdegatos',

169 812 242 880 quod
258 809 357 862 no'nren
373 810 408 860 ad
420 824 515 862 omnes
526 809 654 860 nationes
664 815 789 862 sanctum
801 811 978 862 inviolatum·

171 897 224 950 quc
234 887 344 947 semper
355 879 460 941 luisset,
470 883 594 930 retentos
605 879 639 928 ab
649 893 679 930 se
690 880 756 930 etin
766 881 877 934 vincula
886 883 977 933 conic·

170 953 255 1012 ctos,)
271 963 321 1015 pro
331 947 520 1016 magnitudine
530 947 646 1014 periculi
657 948 760 999 bellum
772 964 873 1015 parare
884 957 913 1002 et
922 966 979 1002 ma·

168 1021 248 1070 xime
259 1025 305 1082 ea,
325 1032 396 1085 quae
407 1018 441 1069 ad
454 1032 533 1067 usum
543 1019 652 1068 navium
662 1018 814 1085 pertinent,
833 1020 982 1086 providere¹

108 1125 111 1130 -
168 1089 333 1152 instituunt3
351 1085 404 1139 hoc
414 1088 519 1138 maiore
530 1101 588 1153 spe,
599 1085 673 1154 quod
683 1087 801 1137 multum
811 1093 913 1139 natura
923 1089 979 1140 loci

170 1157 353 1210 confidebant.
390 1156 535 1208 Pedestria
556 1171 616 1210 esse
631 1155 732 1208 itinera
745 1158 979 1224 concisaaestua·

105 1278 109 1284 ,
169 1229 232 1290 riis,
248 1227 452 1294 navigationem
463 1225 621 1293 impeditam
632 1231 746 1292 propter
755 1227 927 1278 inscientiam
938 1227 979 1278 lo-

170 1313 267 1351 corum
287 1297 510 1365 paucitatemque
529 1301 660 1362 portuum
676 1295 810 1347 sciebant:
831 1311 920 1364 neque
930 1311 979 1347 no-

170 1364 646 1434 strosexercituspropterfrurnenti
656 1365 778 1432 inopiam
789 1366 892 1418 diutius
902 1366 978 1432 apud

148 1499 150 1504 ¹
170 1455 201 1491 se
213 1439 317 1496 morari
329 1451 426 1503 posse,
441 1435 630 1488 confilebantt
650 1435 803 1498 aciam,·ut
814 1439 907 1488 omnia
916 1451 979 1488 con-

169 1515 215 1560 tra
231 1509 385 1574 opinionem
402 1502 573 1569 acciderent,
588 1511 682 1558 tannen
697 1504 728 1558 se=
741 1504 890 1572 plurimum
905 1507 979 1558 navi·

170 1580 223 1631 bus
237 1592 331 1644 posse:
351 1577 492 1628 Romanos
505 1589 595 1642 neque
605 1575 691 1642 ullam
703 1574 865 1628 facultatem
875 1575 978 1628 habere
997 1636 1001 1646 Ι

169 1649 294 1710 navium,
314 1661 403 1713 neque
424 1660 522 1697 eorum
536 1643 677 1707 locorum,
689 1645 743 1706 ubi
757 1644 861 1696 bellum
872 1648 986 1713 gesturi

170 1722 276 1778 essent,
294 1716 379 1777 vada,
399 1721 510 1780 portus,
530 1713 690 1782 insulasque
706 1715 828 1766 novisse:
847 1729 880 1768 ac
893 1715 978 1782 longe

169 1787 254 1836 aliam
270 1799 331 1835 esse
345 1786 549 1850 navigationem
563 1785 592 1834 'in
608 1782 740 1835 concluso
751 1786 835 1847 mari,
851 1789 938 1852 atque
949 1787 978 1836 in

167 1855 327 1906 vastissimo
339 1858 422 1918 atque
432 1854 608 1918 apertissimo
619 1853 746 1916 Oceano,
761 1851 977 1921 perspiciebant.
983 1869 990 1896 1v

168 1925 222 1976 His
241 1923 317 1972 initis
338 1920 474 1982 consiliis,
504 1922 604 1988 oppida
622 1924 763 1983 muniunt,
784 1923 924 1976 frumenta
941 1936 978 1976 ex

169 1994 244 2061 agris
258 1993 286 2042 in
298 1989 399 2058 oppida
407 1997 598 2058 comportant,
617 2007 700 2044 nares
711 1993 740 2042 in
750 1993 911 2057 Venetiam,
929 1991 988 2046 ubi‘

170 2064 316 2116 caesarem
328 2062 447 2128 primum
458 2061 563 2112 bellum
573 2067 716 2129 gesturum
728 2063 886 2125 constabat,
896 2077 979 2130 quarn

168 2132 305 2200 plurimas
320 2139 449 2198 possunt,
469 2137 581 2198 cogunt.
617 2129 713 2184 Socios
727 2132 779 2183 sibi
789 2132 824 2182 ad
835 2133 863 2183 iu
873 2133 979 2184 bellula

170 2201 317 2263 Osismios,
327 2201 477 2263 Lexouios,
487 2201 641 2266 Nannetes,
651 2201 827 2264 Ambiliatos,
842 2201 978 2265 Morinos,

169 2272 341 2334 Diablintes,
362 2271 507 2338 Menapios
517 2270 687 2323 adsciscunt:
708 2271 813 2322 auxilia
825 2285 859 2322 ex
869 2267 979 2324 Britan»

168 2343 217 2394 nia
223 2379 232 2406 ,
243 2356 313 2410 quae
325 2346 478 2392 contraeas
488 2341 617 2408 regiones
627 2342 718 2408 posita
728 2345 784 2402 est,
794 2347 957 2393 arcessunt·

222 2413 256 2462 X.
293 2411 381 2461 Erant
399 2408 452 2462 bae
472 2409 649 2462 difficultates
668 2409 736 2462 belli
755 2410 885 2476 gerendi,
909 2425 978 2479 quas

169 2481 456 2616 ablactabat:
475 2479 784 2604 tristitiam
793 2480 979 2618 batilli

169 2633 329 2682 manorum
352 2619 470 2672 rebellio
490 2619 566 2672 iacta
580 2625 643 2686 post
653 2619 836 2682 deditionem
856 2617 977 2672 defectio

170 2685 245 2736 datis
260 2687 417 2752 obsidibus3
436 2695 479 2740 tot
492 2690 634 2740 civitatum
646 2691 815 2750 coniuratio;
835 2689 978 2754 inprimis,
1060 2717 1062 2728 ‹

170 2771 218 2818 ae,
240 2753 292 2808 hac
307 2762 388 2823 par-te
402 2757 545 2828 neglecta,
563 2757 690 2828 reliquae
703 2760 831 2814 nationes
840 2758 892 2811 sibi
903 2758 986 2813 idem'
