2134 3148
131 150 134 162 '
186 173 241 226 no
374 155 405 226 l.
424 171 565 227 suurn
586 171 641 224 us
663 161 805 225 sunno

187 283 283 341 erant,
304 277 399 328 mirari
413 286 442 330 et
452 280 608 346 requirere:
629 267 659 328 0.
672 273 832 340 Gaesarem,
850 279 899 346 ¹qui
911 279 991 331 ultro

187 355 349 399 consuesset
359 347 462 398 bellum
475 347 579 399 inferre
591 361 623 398 ac
634 347 771 398 lacessere
783 349 899 414 proelio,
914 351 991 400 subi-

186 420 217 466 to
229 423 426 469 commutatum
439 433 492 468 non
504 419 563 468 sine
575 432 675 483 niagno
687 418 805 468 consilio
816 420 992 484 suspicaban-

186 491 241 538 tur.
277 489 374 554 ltaque
395 502 429 539 ex
443 490 502 538 eius
518 489 654 554 patientia
669 489 696 536 in
714 503 843 554 magnoni
860 490 992 539 timorern

187 561 317 620 coniecti,
340 573 372 608 ex
386 557 513 609 Gaetulis
526 557 609 618 riuos,
634 571 702 621 quos
714 558 923 608 arbitrabantur
933 561 993 608 suis

184 631 269 684 rebus
284 629 480 688 amicissimos,
511 629 618 693 magnis
634 627 766 692 praemiis
783 628 992 692 pollicitationi-

183 702 292 767 busque
303 699 465 764 propositis,
487 711 537 762 pro
549 693 674 762 perfugis
684 697 845 761 speculandi
858 700 951 764 gratia
961 700 990 746 in

187 770 313 822 Caesaris
325 772 416 817 eastra
428 768 550 816 mittunt.
587 765 642 826 Qui
653 764 735 815 sirnul
747 766 780 815 acl
793 781 857 816 ounr
868 773 934 816 sunt
945 767 991 817 (le-

186 841 278 900 ‹lncti,
303 838 456 902 petierunt,
484 841 514 885 ut
530 836 581 885 sibi
593 835 691 886 liceret
702 837 762 886 sine
773 837 894 902 periculo
904 837 993 887 rerba

185 909 320 978 proloqui.
357 903 599 965 l’otostatefucta,
623 903 831 970 &epeuuuterm
852 907 992 974 inquiunt,

184 979 344 1045 irreperutor,
366 977 514 1041 corrrplures
532 973 654 1034 Gaetuli,
675 972 723 1041 qui
736 989 825 1026 suurres
835 975 946 1028 clienter
961 975 991 1026 0,

186 1046 274 1099 Marii
284 1055 309 1096 et
319 1045 508 1112 propemodum
523 1060 611 1096 ornnes
623 1043 692 1095 cicer
707 1042 837 1107 Ronmni,
869 1045 915 1113 qui
926 1056 993 1098 scrut

185 1119 213 1170 in
225 1112 328 1185 legione
338 1122 437 1179 quarm
456 1123 482 1164 et
493 1123 584 1172 sexto,
616 1115 653 1165 nc
667 1123 693 1165 te
707 1114 838 1166 valuernut
849 1115 877 1166 iu
889 1125 992 1181 tuaque

181 1185 322 1256 praesidis
336 1184 500 1254 corrfirgere;
526 1183 573 1234 sed
586 1183 714 1234 custodiis
730 1184 850 1252 equitium
860 1183 992 1238 Numida·
1051 1247 1053 1252 Ι

184 1274 258 1315 rursu,
279 1271 329 1323 quo
340 1253 371 1304 iel
380 1253 435 1305 sinc
448 1252 572 1320 periculo
582 1253 844 1324 urirrusfaceremns,
864 1252 991 1322 irreperlr'e-

185 1328 288 1386 bcnrrrt.
326 1321 415 1385 Nunc,
448 1323 511 1374 eluta
527 1324 678 1394 facultate,
704 1339 758 1390 pro
779 1325 992 1390 specnlatorilue

186 1397 262 1449 rrrirsr’
272 1395 304 1446 ab
319 1393 454 1460 Scipione,
475 1393 511 1444 uu
522 1401 547 1443 te
557 1391 726 1458 cupidissime
737 1395 868 1455 renierus,
890 1404 992 1462 ulper-

186 1467 360 1535 spirereruus,
389 1479 451 1515 nuru
468 1477 535 1530 queue
545 1463 639 1533 fossae
656 1462 991 1530 nute'rrsirlr'oeeleplruutr’s

186 1546 249 1589 erue
264 1545 355 1586 castra
367 1541 514 1601 portasque
528 1531 594 1582 earu
609 1531 708 1604 sactus
727 1542 827 1595 errent,
859 1534 991 1602 siruulque

186 1605 298 1658 corrsilr'n
308 1613 395 1656 uestra
407 1612 502 1654 contro
520 1602 622 1652 easdem
639 1600 737 1653 bestias
752 1603 991 1669 ronrparutr'onem·

185 1693 236 1746 que
251 1689 361 1743 pugnae
381 1686 596 1738 cognosceremus
616 1679 697 1737 etque
717 1671 742 1722 ei
761 1673 990 1725 renunciarentur.

185 1747 254 1807 Qui,
286 1741 435 1794 collaudati
447 1756 464 1790 a
475 1742 593 1791 Caesare
606 1740 802 1808 stipendioque
815 1743 924 1804 donati,
954 1743 989 1794 ad

184 1815 307 1879 reliquus
324 1809 454 1877 perfugus
475 1811 662 1860 deducuntur:
695 1826 813 1878 quorum
831 1813 989 1864 orationem

185 1883 314 1936 eeleriter
325 1880 429 1930 veritas
443 1881 640 1946 comprobarit.
676 1880 802 1949 Namque
818 1889 930 1948 postero
943 1883 989 1934 (lie

186 1969 222 2006 ex
232 1950 389 2019 legionibus
400 1949 447 2011 iis,
470 1964 538 2016 quas
549 1948 662 2000 Gaetuli
673 1953 895 2012 nominaverunt,
916 1953 977 2001 mili

185 2032 228 2076 tes
239 2021 387 2088 legionarii
401 2019 556 2084 complures
568 2019 602 2069 ab
609 2017 736 2086 Scipione
746 2021 776 2071 in
788 2028 879 2072 castra
887 2023 989 2072 Cussa-

185 2097 225 2146 rls
237 2091 422 2161 purfugerunt

237 2159 454 2214 xxxvr.uun1
477 2156 545 2209 hace
561 2157 595 2208 ad
609 2158 757 2226 lluspinarn
777 2167 927 2228 geruntur,
949 2161 990 2212 Μ.

187 2236 265 2296 Cato,
287 2233 334 2299 qui
344 2231 443 2294 Uticae
454 2234 597 2296 praeerat,
618 2228 737 2282 dilectus
748 2230 872 2297 quotidie
882 2231 992 2282 liberti-

185 2319 296 2365 norunr,
311 2300 450 2361 Afrorum,
469 2313 610 2349 serrorum
622 2298 741 2367 denique
754 2309 782 2351 et
793 2303 990 2368 cuiusquemo-

185 2377 215 2426 ur
230 2373 343 2441 generis
359 2369 514 2432 hominurn,
547 2370 594 2436 qui
609 2369 692 2420 modo
707 2385 757 2438 per
773 2376 893 2422 aetatem
909 2385 991 2423 arms

185 2445 261 2495 ferre
273 2447 415 2507 poterant,
447 2437 551 2490 habere
566 2445 649 2504 atque
665 2438 715 2490 sub
728 2455 838 2491 rnanunr
850 2441 990 2506 Scipionis

184 2514 214 2562 in
231 2518 321 2562 castra
339 2510 501 2560 submittere
513 2523 568 2558 non
586 2510 754 2560 intermittit.
790 2510 890 2578 Legati
903 2513 990 2562 inter·

184 2582 222 2628 im
234 2593 269 2629 ex
279 2579 378 2644 oppido
390 2578 523 2640 Tisdrae,
554 2579 583 2626 in
596 2592 650 2644 quo
666 2579 752 2629 tritici
768 2581 892 2631 modium
909 2579 991 2632 milia

185 2647 249 2697 CCC
271 2652 443 2712 conrportata
465 2647 578 2696 inerant
600 2661 616 2696 a
637 2649 859 2715 negotiatoribus
881 2651 989 2702 ltalicis

184 2716 409 2779 arator-ibusque,
431 2714 465 2764 ael
479 2715 628 2766 Caesarem
638 2730 754 2781 venere,
778 2729 934 2788 quantoque
946 2737 991 2771 co-
