<?xml version="1.0" encoding="UTF-8"?>
<!DOCTYPE html PUBLIC "-//W3C//DTD XHTML 1.0 Transitional//EN"
    "http://www.w3.org/TR/xhtml1/DTD/xhtml1-transitional.dtd">
<html xmlns="http://www.w3.org/1999/xhtml" xml:lang="en" lang="en">
 <head>
  <title>
</title>
<meta http-equiv="Content-Type" content="text/html;charset=utf-8" />
  <meta name='ocr-system' content='tesseract 3.04.00' />
  <meta name='ocr-capabilities' content='ocr_page ocr_carea ocr_par ocr_line ocrx_word'/>
</head>
<body>
  <div class='ocr_page' id='page_1' title='image "./cjuliicaesarisc05caesgoog_0014.png"; bbox 0 0 2150 3124; ppageno 0'>
   <div class='ocr_carea' id='block_1_1' title="bbox 6 161 814 256">
    <p class='ocr_par' dir='ltr' id='par_1_1' title="bbox 6 161 814 256">
     <span class='ocr_line' id='line_1_1' title="bbox 6 161 814 256; baseline 0.007 -7"><span class='ocrx_word' id='word_1_1' title='bbox 6 161 7 170; x_wconf 14' lang='grc' dir='ltr'><strong><em>Ν</em></strong></span> <span class='ocrx_word' id='word_1_2' title='bbox 93 173 99 178; x_wconf 79' lang='grc'><strong>’</strong></span> <span class='ocrx_word' id='word_1_3' title='bbox 182 169 232 255; x_wconf 53' lang='lat' dir='ltr'><strong>A·</strong></span> <span class='ocrx_word' id='word_1_4' title='bbox 397 201 814 256; x_wconf 78' lang='lat' dir='ltr'><strong>onsannoornmco</strong></span> 
     </span>
    </p>
   </div>
   <div class='ocr_carea' id='block_1_2' title="bbox 38 301 1070 2798">
    <p class='ocr_par' dir='ltr' id='par_1_2' title="bbox 38 301 1070 2798">
     <span class='ocr_line' id='line_1_2' title="bbox 205 301 1005 373; baseline 0.006 -16"><span class='ocrx_word' id='word_1_5' title='bbox 205 309 273 358; x_wconf 83' lang='lat' dir='ltr'><strong>sotis</strong></span> <span class='ocrx_word' id='word_1_6' title='bbox 283 321 343 360; x_wconf 89' lang='lat' dir='ltr'><strong>esse</strong></span> <span class='ocrx_word' id='word_1_7' title='bbox 354 301 506 370; x_wconf 81' lang='lat' dir='ltr'><strong>duxerunt3</strong></span> <span class='ocrx_word' id='word_1_8' title='bbox 525 308 677 360; x_wconf 83' lang='lat' dir='ltr'><strong>intertium</strong></span> <span class='ocrx_word' id='word_1_9' title='bbox 689 323 790 358; x_wconf 79' lang='lat' dir='ltr'><strong>annum</strong></span> <span class='ocrx_word' id='word_1_10' title='bbox 805 305 1005 373; x_wconf 83' lang='lat' dir='ltr'><strong>profectionem</strong></span> 
     </span>
     <span class='ocr_line' id='line_1_3' title="bbox 205 376 1007 444; baseline 0.002 -17"><span class='ocrx_word' id='word_1_11' title='bbox 205 376 268 444; x_wconf 80' lang='lat' dir='ltr'><strong>lege</strong></span> <span class='ocrx_word' id='word_1_12' title='bbox 279 379 451 428; x_wconf 82' lang='lat' dir='ltr'><strong>confirmant.</strong></span> <span class='ocrx_word' id='word_1_13' title='bbox 486 377 528 430; x_wconf 78' lang='lat' dir='ltr'><strong>,ld</strong></span> <span class='ocrx_word' id='word_1_14' title='bbox 540 392 587 428; x_wconf 87' lang='lat' dir='ltr'><strong>eas</strong></span> <span class='ocrx_word' id='word_1_15' title='bbox 598 393 642 428; x_wconf 89' lang='lat' dir='ltr'><strong>res</strong></span> <span class='ocrx_word' id='word_1_16' title='bbox 658 377 1007 444; x_wconf 79' lang='lat' dir='ltr'><strong>conficiendas-Orgetorix</strong></span> 
     </span>
     <span class='ocr_line' id='line_1_4' title="bbox 200 445 1006 516; baseline 0.001 -20"><span class='ocrx_word' id='word_1_17' title='bbox 200 447 345 516; x_wconf 32' lang='lat' dir='ltr'><strong>,deligitur</strong></span> <span class='ocrx_word' id='word_1_18' title='bbox 379 447 419 508; x_wconf 91' lang='lat' dir='ltr'><strong>ls,</strong></span> <span class='ocrx_word' id='word_1_19' title='bbox 438 446 485 498; x_wconf 90' lang='lat' dir='ltr'><strong>ubi</strong></span> <span class='ocrx_word' id='word_1_20' title='bbox 500 446 666 513; x_wconf 75' lang='lat' dir='ltr'><strong>legationem</strong></span> <span class='ocrx_word' id='word_1_21' title='bbox 681 447 717 496; x_wconf 86' lang='lat' dir='ltr'><strong>ad</strong></span> <span class='ocrx_word' id='word_1_22' title='bbox 732 447 856 498; x_wconf 84' lang='lat' dir='ltr'><strong>civitates</strong></span> <span class='ocrx_word' id='word_1_23' title='bbox 873 445 1006 512; x_wconf 76' lang='lat' dir='ltr'><strong>suscepit,</strong></span> 
     </span>
     <span class='ocr_line' id='line_1_5' title="bbox 185 514 1005 582; baseline -0.001 -17"><span class='ocrx_word' id='word_1_24' title='bbox 185 549 189 558; x_wconf 80' lang='lat'>-</span> <span class='ocrx_word' id='word_1_25' title='bbox 204 516 233 565; x_wconf 88' lang='lat' dir='ltr'><strong>in</strong></span> <span class='ocrx_word' id='word_1_26' title='bbox 245 530 278 566; x_wconf 88' lang='lat' dir='ltr'><strong>eo</strong></span> <span class='ocrx_word' id='word_1_27' title='bbox 289 517 386 567; x_wconf 82' lang='lat' dir='ltr'><strong>itinere</strong></span> <span class='ocrx_word' id='word_1_28' title='bbox 397 515 547 582; x_wconf 77' lang='lat' dir='ltr'>persuadet</span> <span class='ocrx_word' id='word_1_29' title='bbox 557 517 679 578; x_wconf 77' lang='lat' dir='ltr'><strong>Castico,</strong></span> <span class='ocrx_word' id='word_1_30' title='bbox 696 514 927 566; x_wconf 77' lang='lat' dir='ltr'><strong>Catamantaletlis</strong></span> <span class='ocrx_word' id='word_1_31' title='bbox 937 516 1005 576; x_wconf 85' lang='lat' dir='ltr'><strong>lilio,</strong></span> 
     </span>
     <span class='ocr_line' id='line_1_6' title="bbox 206 582 1007 656; baseline -0.001 -22"><span class='ocrx_word' id='word_1_32' title='bbox 206 583 346 652; x_wconf 83' lang='lat' dir='ltr'><strong>Sequano,</strong></span> <span class='ocrx_word' id='word_1_33' title='bbox 359 587 437 636; x_wconf 86' lang='lat' dir='ltr'><strong>cuius</strong></span> <span class='ocrx_word' id='word_1_34' title='bbox 447 589 527 656; x_wconf 73' lang='lat' dir='ltr'><strong>pater</strong></span> <span class='ocrx_word' id='word_1_35' title='bbox 537 600 652 652; x_wconf 82' lang='lat' dir='ltr'><strong>regnum</strong></span> <span class='ocrx_word' id='word_1_36' title='bbox 661 586 687 634; x_wconf 90' lang='lat' dir='ltr'><strong>in</strong></span> <span class='ocrx_word' id='word_1_37' title='bbox 701 583 835 651; x_wconf 84' lang='lat' dir='ltr'><strong>Sequanis</strong></span> <span class='ocrx_word' id='word_1_38' title='bbox 843 582 947 634; x_wconf 86' lang='lat' dir='ltr'><strong>multos</strong></span> <span class='ocrx_word' id='word_1_39' title='bbox 957 599 1007 634; x_wconf 84' lang='lat' dir='ltr'><strong>nn·</strong></span> 
     </span>
     <span class='ocr_line' id='line_1_7' title="bbox 204 653 1006 720; baseline 0 -18"><span class='ocrx_word' id='word_1_40' title='bbox 204 667 256 704; x_wconf 84' lang='lat' dir='ltr'><strong>nos</strong></span> <span class='ocrx_word' id='word_1_41' title='bbox 272 655 443 717; x_wconf 76' lang='lat' dir='ltr'><strong>obtinuerat,</strong></span> <span class='ocrx_word' id='word_1_42' title='bbox 463 659 493 705; x_wconf 87' lang='lat' dir='ltr'><strong>ct</strong></span> <span class='ocrx_word' id='word_1_43' title='bbox 505 669 523 704; x_wconf 92' lang='lat' dir='ltr'><strong>a</strong></span> <span class='ocrx_word' id='word_1_44' title='bbox 538 661 636 706; x_wconf 84' lang='lat' dir='ltr'><strong>senatu</strong></span> <span class='ocrx_word' id='word_1_45' title='bbox 653 653 747 720; x_wconf 89' lang='lat' dir='ltr'><strong>populi</strong></span> <span class='ocrx_word' id='word_1_46' title='bbox 763 654 878 704; x_wconf 75' lang='lat' dir='ltr'><strong>Romam</strong></span> <span class='ocrx_word' id='word_1_47' title='bbox 898 654 1006 704; x_wconf 85' lang='lat' dir='ltr'><strong>amicus</strong></span> 
     </span>
     <span class='ocr_line' id='line_1_8' title="bbox 204 723 1006 790; baseline -0.001 -17"><span class='ocrx_word' id='word_1_48' title='bbox 204 723 362 789; x_wconf 83' lang='lat' dir='ltr'><strong>ndpellntus</strong></span> <span class='ocrx_word' id='word_1_49' title='bbox 372 731 446 787; x_wconf 83' lang='lat' dir='ltr'><strong>erat,</strong></span> <span class='ocrx_word' id='word_1_50' title='bbox 460 730 492 774; x_wconf 91' lang='lat' dir='ltr'><strong>ut</strong></span> <span class='ocrx_word' id='word_1_51' title='bbox 502 739 616 790; x_wconf 86' lang='lat' dir='ltr'><strong>regnum</strong></span> <span class='ocrx_word' id='word_1_52' title='bbox 627 725 656 773; x_wconf 87' lang='lat' dir='ltr'><strong>io</strong></span> <span class='ocrx_word' id='word_1_53' title='bbox 667 724 777 774; x_wconf 76' lang='lat' dir='ltr'><strong>civitate</strong></span> <span class='ocrx_word' id='word_1_54' title='bbox 788 738 839 772; x_wconf 89' lang='lat' dir='ltr'><strong>sua</strong></span> <span class='ocrx_word' id='word_1_55' title='bbox 849 729 1006 788; x_wconf 67' lang='lat' dir='ltr'><strong>occuparet,</strong></span> 
     </span>
     <span class='ocr_line' id='line_1_9' title="bbox 153 791 1007 860; baseline 0.002 -20"><span class='ocrx_word' id='word_1_56' title='bbox 153 847 158 856; x_wconf 34' lang='grc' dir='ltr'>ι</span> <span class='ocrx_word' id='word_1_57' title='bbox 205 791 280 858; x_wconf 90' lang='lat' dir='ltr'><strong>quod</strong></span> <span class='ocrx_word' id='word_1_58' title='bbox 294 799 373 860; x_wconf 84' lang='lat' dir='ltr'><strong>pater</strong></span> <span class='ocrx_word' id='word_1_59' title='bbox 388 799 452 842; x_wconf 82' lang='lat' dir='ltr'><strong>ante</strong></span> <span class='ocrx_word' id='word_1_60' title='bbox 468 791 615 843; x_wconf 81' lang='lat' dir='ltr'><strong>habuerat:</strong></span> <span class='ocrx_word' id='word_1_61' title='bbox 629 794 758 858; x_wconf 79' lang='lat' dir='ltr'><strong>itemque</strong></span> <span class='ocrx_word' id='word_1_62' title='bbox 775 792 941 858; x_wconf 83' lang='lat' dir='ltr'>Dumnorigi</span> <span class='ocrx_word' id='word_1_63' title='bbox 956 793 1007 842; x_wconf 80' lang='lat' dir='ltr'><strong>Ae·</strong></span> 
     </span>
     <span class='ocr_line' id='line_1_10' title="bbox 151 860 1006 928; baseline -0.001 -17"><span class='ocrx_word' id='word_1_64' title='bbox 151 875 154 882; x_wconf 92' lang='lat'>·</span> <span class='ocrx_word' id='word_1_65' title='bbox 205 863 275 924; x_wconf 87' lang='lat' dir='ltr'><strong>duo,</strong></span> <span class='ocrx_word' id='word_1_66' title='bbox 293 860 373 911; x_wconf 85' lang='lat' dir='ltr'><strong>fratri</strong></span> <span class='ocrx_word' id='word_1_67' title='bbox 384 861 525 923; x_wconf 81' lang='lat' dir='ltr'><strong>Divitinni,</strong></span> <span class='ocrx_word' id='word_1_68' title='bbox 544 863 635 927; x_wconf 80' lang='lat' dir='ltr'><strong>quiec</strong></span> <span class='ocrx_word' id='word_1_69' title='bbox 641 866 769 925; x_wconf 87' lang='lat' dir='ltr'><strong>tempore</strong></span> <span class='ocrx_word' id='word_1_70' title='bbox 780 863 964 928; x_wconf 77' lang='lat' dir='ltr'><strong>principatum</strong></span> <span class='ocrx_word' id='word_1_71' title='bbox 976 862 1006 910; x_wconf 87' lang='lat' dir='ltr'><strong>in</strong></span> 
     </span>
     <span class='ocr_line' id='line_1_11' title="bbox 205 929 1008 995; baseline -0.002 -15"><span class='ocrx_word' id='word_1_72' title='bbox 205 932 316 980; x_wconf 77' lang='lat' dir='ltr'><strong>civitate</strong></span> <span class='ocrx_word' id='word_1_73' title='bbox 328 930 470 980; x_wconf 84' lang='lat' dir='ltr'><strong>obtinebat</strong></span> <span class='ocrx_word' id='word_1_74' title='bbox 480 944 512 979; x_wconf 91' lang='lat' dir='ltr'><strong>ac</strong></span> <span class='ocrx_word' id='word_1_75' title='bbox 522 933 642 980; x_wconf 84' lang='lat' dir='ltr'><strong>maxime</strong></span> <span class='ocrx_word' id='word_1_76' title='bbox 652 929 725 995; x_wconf 88' lang='lat' dir='ltr'><strong>plebi</strong></span> <span class='ocrx_word' id='word_1_77' title='bbox 740 936 868 995; x_wconf 78' lang='lat' dir='ltr'><strong>acceptus</strong></span> <span class='ocrx_word' id='word_1_78' title='bbox 879 935 953 992; x_wconf 76' lang='lat' dir='ltr'><strong>eret,</strong></span> <span class='ocrx_word' id='word_1_79' title='bbox 974 935 1008 979; x_wconf 92' lang='lat' dir='ltr'><strong>ut</strong></span> 
     </span>
     <span class='ocr_line' id='line_1_12' title="bbox 204 997 1008 1065; baseline 0 -17"><span class='ocrx_word' id='word_1_80' title='bbox 204 999 277 1049; x_wconf 88' lang='lat' dir='ltr'><strong>idom</strong></span> <span class='ocrx_word' id='word_1_81' title='bbox 289 1003 449 1061; x_wconf 87' lang='lat' dir='ltr'><strong>conaretur,</strong></span> <span class='ocrx_word' id='word_1_82' title='bbox 470 999 619 1063; x_wconf 81' lang='lat' dir='ltr'><strong>persuadet</strong></span> <span class='ocrx_word' id='word_1_83' title='bbox 633 1000 712 1065; x_wconf 87' lang='lat' dir='ltr'><strong>eique</strong></span> <span class='ocrx_word' id='word_1_84' title='bbox 727 997 811 1048; x_wconf 80' lang='lat' dir='ltr'><strong>liliam</strong></span> <span class='ocrx_word' id='word_1_85' title='bbox 822 1013 899 1048; x_wconf 88' lang='lat' dir='ltr'><strong>suam</strong></span> <span class='ocrx_word' id='word_1_86' title='bbox 910 1000 939 1048; x_wconf 92' lang='lat' dir='ltr'><strong>in</strong></span> <span class='ocrx_word' id='word_1_87' title='bbox 951 997 1008 1048; x_wconf 88' lang='lat' dir='ltr'><strong>m&#39;a-</strong></span> 
     </span>
     <span class='ocr_line' id='line_1_13' title="bbox 204 1066 1070 1132; baseline 0.002 -16"><span class='ocrx_word' id='word_1_88' title='bbox 204 1068 363 1118; x_wconf 90' lang='lat' dir='ltr'><strong>trimonium</strong></span> <span class='ocrx_word' id='word_1_89' title='bbox 374 1067 430 1118; x_wconf 86' lang='lat' dir='ltr'><strong>dat.</strong></span> <span class='ocrx_word' id='word_1_90' title='bbox 461 1066 596 1118; x_wconf 82' lang='lat' dir='ltr'><strong>Perfacile</strong></span> <span class='ocrx_word' id='word_1_91' title='bbox 607 1067 949 1132; x_wconf 82' lang='lat' dir='ltr'><strong>factuesse,illisprobat,</strong></span> <span class='ocrx_word' id='word_1_92' title='bbox 962 1081 1007 1116; x_wconf 89' lang='lat' dir='ltr'><strong>co·</strong></span> <span class='ocrx_word' id='word_1_93' title='bbox 1069 1113 1070 1118; x_wconf 75' lang='grc'>,</span> 
     </span>
     <span class='ocr_line' id='line_1_14' title="bbox 204 1136 1009 1204; baseline -0.004 -17"><span class='ocrx_word' id='word_1_94' title='bbox 204 1143 271 1187; x_wconf 82' lang='lat' dir='ltr'><strong>nata</strong></span> <span class='ocrx_word' id='word_1_95' title='bbox 280 1138 426 1202; x_wconf 81' lang='lat' dir='ltr'><strong>perlicere,</strong></span> <span class='ocrx_word' id='word_1_96' title='bbox 441 1142 589 1202; x_wconf 83' lang='lat' dir='ltr'><strong>propteroa</strong></span> <span class='ocrx_word' id='word_1_97' title='bbox 599 1136 672 1204; x_wconf 87' lang='lat' dir='ltr'><strong>quod</strong></span> <span class='ocrx_word' id='word_1_98' title='bbox 683 1137 742 1201; x_wconf 89' lang='lat' dir='ltr'><strong>ipse</strong></span> <span class='ocrx_word' id='word_1_99' title='bbox 753 1151 819 1187; x_wconf 84' lang='lat' dir='ltr'><strong>suae</strong></span> <span class='ocrx_word' id='word_1_100' title='bbox 830 1137 946 1188; x_wconf 85' lang='lat' dir='ltr'><strong>civitatis</strong></span> <span class='ocrx_word' id='word_1_101' title='bbox 956 1137 1009 1185; x_wconf 89' lang='lat' dir='ltr'><strong>im·</strong></span> 
     </span>
     <span class='ocr_line' id='line_1_15' title="bbox 204 1203 1068 1272; baseline -0.002 -16"><span class='ocrx_word' id='word_1_102' title='bbox 204 1207 310 1272; x_wconf 80' lang='lat' dir='ltr'><strong>perium</strong></span> <span class='ocrx_word' id='word_1_103' title='bbox 327 1206 491 1256; x_wconf 85' lang='lat' dir='ltr'><strong>obtenturus</strong></span> <span class='ocrx_word' id='word_1_104' title='bbox 507 1211 593 1257; x_wconf 87' lang='lat' dir='ltr'><strong>esset:</strong></span> <span class='ocrx_word' id='word_1_105' title='bbox 613 1221 668 1256; x_wconf 87' lang='lat' dir='ltr'><strong>uon</strong></span> <span class='ocrx_word' id='word_1_106' title='bbox 679 1219 739 1256; x_wconf 86' lang='lat' dir='ltr'><strong>esse</strong></span> <span class='ocrx_word' id='word_1_107' title='bbox 751 1205 876 1267; x_wconf 81' lang='lat' dir='ltr'><strong>dubium,</strong></span> <span class='ocrx_word' id='word_1_108' title='bbox 888 1206 954 1271; x_wconf 90' lang='lat' dir='ltr'><strong>quin</strong></span> <span class='ocrx_word' id='word_1_109' title='bbox 965 1211 1007 1263; x_wconf 80' lang='lat' dir='ltr'><strong>to‚·</strong></span> <span class='ocrx_word' id='word_1_110' title='bbox 1021 1203 1024 1208; x_wconf 86' lang='lat'>&#39;</span> <span class='ocrx_word' id='word_1_111' title='bbox 1063 1250 1068 1265; x_wconf 85' lang='lat'>‚</span> 
     </span>
     <span class='ocr_line' id='line_1_16' title="bbox 205 1275 1007 1346; baseline -0.001 -22"><span class='ocrx_word' id='word_1_112' title='bbox 205 1277 260 1324; x_wconf 85' lang='lat' dir='ltr'><strong>tius</strong></span> <span class='ocrx_word' id='word_1_113' title='bbox 267 1275 375 1326; x_wconf 80' lang='lat' dir='ltr'><strong>Galliae</strong></span> <span class='ocrx_word' id='word_1_114' title='bbox 386 1275 533 1340; x_wconf 89' lang='lat' dir='ltr'><strong>plurimum</strong></span> <span class='ocrx_word' id='word_1_115' title='bbox 544 1275 665 1346; x_wconf 71' lang='lat' dir='ltr'><strong>llelvetii</strong></span> <span class='ocrx_word' id='word_1_116' title='bbox 677 1280 800 1340; x_wconf 84' lang='lat' dir='ltr'><strong>possent:</strong></span> <span class='ocrx_word' id='word_1_117' title='bbox 811 1289 841 1325; x_wconf 89' lang='lat' dir='ltr'><strong>se</strong></span> <span class='ocrx_word' id='word_1_118' title='bbox 851 1275 908 1324; x_wconf 88' lang='lat' dir='ltr'><strong>suis</strong></span> <span class='ocrx_word' id='word_1_119' title='bbox 919 1275 1007 1341; x_wconf 88' lang='lat' dir='ltr'><strong>copiis</strong></span> 
     </span>
     <span class='ocr_line' id='line_1_17' title="bbox 205 1343 1006 1412; baseline -0.001 -18"><span class='ocrx_word' id='word_1_120' title='bbox 205 1358 311 1412; x_wconf 89' lang='lat' dir='ltr'><strong>suoque</strong></span> <span class='ocrx_word' id='word_1_121' title='bbox 321 1345 443 1396; x_wconf 86' lang='lat' dir='ltr'><strong>exercitu</strong></span> <span class='ocrx_word' id='word_1_122' title='bbox 455 1343 512 1394; x_wconf 89' lang='lat' dir='ltr'><strong>illis</strong></span> <span class='ocrx_word' id='word_1_123' title='bbox 523 1360 608 1412; x_wconf 84' lang='lat' dir='ltr'><strong>regna</strong></span> <span class='ocrx_word' id='word_1_124' title='bbox 618 1343 836 1406; x_wconf 82' lang='lat' dir='ltr'><strong>conciliaturum,</strong></span> <span class='ocrx_word' id='word_1_125' title='bbox 850 1345 1006 1395; x_wconf 82' lang='lat' dir='ltr'><strong>confirmat.</strong></span> 
     </span>
     <span class='ocr_line' id='line_1_18' title="bbox 203 1409 1006 1476; baseline -0.005 -10"><span class='ocrx_word' id='word_1_126' title='bbox 203 1414 265 1466; x_wconf 87' lang='lat' dir='ltr'><strong>llac</strong></span> <span class='ocrx_word' id='word_1_127' title='bbox 276 1416 400 1465; x_wconf 87' lang='lat' dir='ltr'><strong>oratione</strong></span> <span class='ocrx_word' id='word_1_128' title='bbox 411 1413 534 1476; x_wconf 85' lang='lat' dir='ltr'><strong>adducti,</strong></span> <span class='ocrx_word' id='word_1_129' title='bbox 548 1415 625 1464; x_wconf 81' lang='lat' dir='ltr'><strong>inter</strong></span> <span class='ocrx_word' id='word_1_130' title='bbox 635 1429 665 1464; x_wconf 86' lang='lat' dir='ltr'><strong>se</strong></span> <span class='ocrx_word' id='word_1_131' title='bbox 678 1409 760 1464; x_wconf 77' lang='lat' dir='ltr'><strong>lide&#39;m</strong></span> <span class='ocrx_word' id='word_1_132' title='bbox 775 1419 804 1464; x_wconf 93' lang='lat' dir='ltr'><strong>et</strong></span> <span class='ocrx_word' id='word_1_133' title='bbox 813 1413 1006 1464; x_wconf 82' lang='lat' dir='ltr'><strong>iusiurandum</strong></span> 
     </span>
     <span class='ocr_line' id='line_1_19' title="bbox 204 1483 1069 1566; baseline -0.002 -32"><span class='ocrx_word' id='word_1_134' title='bbox 204 1484 272 1534; x_wconf 86' lang='lat' dir='ltr'><strong>dant</strong></span> <span class='ocrx_word' id='word_1_135' title='bbox 287 1490 328 1546; x_wconf 87' lang='lat' dir='ltr'><strong>et,</strong></span> <span class='ocrx_word' id='word_1_136' title='bbox 347 1498 434 1551; x_wconf 82' lang='lat' dir='ltr'><strong>regno</strong></span> <span class='ocrx_word' id='word_1_137' title='bbox 451 1489 598 1550; x_wconf 86' lang='lat' dir='ltr'><strong>occupato,</strong></span> <span class='ocrx_word' id='word_1_138' title='bbox 618 1497 668 1549; x_wconf 87' lang='lat' dir='ltr'><strong>per</strong></span> <span class='ocrx_word' id='word_1_139' title='bbox 683 1484 733 1532; x_wconf 88' lang='lat' dir='ltr'><strong>tris</strong></span> <span class='ocrx_word' id='word_1_140' title='bbox 747 1483 952 1548; x_wconf 86' lang='lat' dir='ltr'><strong>potentissimos</strong></span> <span class='ocrx_word' id='word_1_141' title='bbox 971 1496 1005 1532; x_wconf 89' lang='lat' dir='ltr'><strong>ac</strong></span> <span class='ocrx_word' id='word_1_142' title='bbox 1068 1515 1069 1566; x_wconf 54' lang='lat' dir='ltr'><strong>q</strong></span> 
     </span>
     <span class='ocr_line' id='line_1_20' title="bbox 201 1551 1069 1670; baseline 0 -66"><span class='ocrx_word' id='word_1_143' title='bbox 201 1554 377 1605; x_wconf 80' lang='lat' dir='ltr'><strong>firmissimos</strong></span> <span class='ocrx_word' id='word_1_144' title='bbox 394 1552 511 1620; x_wconf 85' lang='lat' dir='ltr'><strong>populos</strong></span> <span class='ocrx_word' id='word_1_145' title='bbox 523 1553 613 1603; x_wconf 84' lang='lat' dir='ltr'><strong>totius</strong></span> <span class='ocrx_word' id='word_1_146' title='bbox 629 1551 755 1636; x_wconf 53' lang='lat' dir='ltr'><strong>Galliaex</strong></span> <span class='ocrx_word' id='word_1_147' title='bbox 752 1567 813 1603; x_wconf 92' lang='lat' dir='ltr'><strong>ese</strong></span> <span class='ocrx_word' id='word_1_148' title='bbox 827 1553 912 1628; x_wconf 78' lang='lat' dir='ltr'><strong>potiri</strong></span> <span class='ocrx_word' id='word_1_149' title='bbox 922 1564 1005 1618; x_wconf 78' lang='lat' dir='ltr'><strong>posse</strong></span> <span class='ocrx_word' id='word_1_150' title='bbox 1067 1569 1069 1670; x_wconf 69' lang='lat' dir='ltr'><strong>q</strong></span> 
     </span>
     <span class='ocr_line' id='line_1_21' title="bbox 203 1630 1068 1692; baseline 0 -20"><span class='ocrx_word' id='word_1_151' title='bbox 203 1630 327 1688; x_wconf 89' lang='lat' dir='ltr'><strong>sperant.</strong></span> <span class='ocrx_word' id='word_1_152' title='bbox 665 1678 667 1682; x_wconf 15' lang='grc' dir='ltr'><em>Α</em></span> <span class='ocrx_word' id='word_1_153' title='bbox 1067 1685 1068 1692; x_wconf 13' lang='lat'>¹</span> 
     </span>
     <span class='ocr_line' id='line_1_22' title="bbox 38 1690 1005 1760; baseline -0.003 -17"><span class='ocrx_word' id='word_1_154' title='bbox 38 1721 41 1730; x_wconf 94' lang='lat'>·</span> <span class='ocrx_word' id='word_1_155' title='bbox 118 1722 128 1728; x_wconf 97' lang='lat'>-</span> <span class='ocrx_word' id='word_1_156' title='bbox 217 1715 220 1724; x_wconf 90' lang='lat'><em>·</em></span> <span class='ocrx_word' id='word_1_157' title='bbox 255 1693 302 1744; x_wconf 89' lang='lat' dir='ltr'><strong>lV.</strong></span> <span class='ocrx_word' id='word_1_158' title='bbox 338 1693 380 1744; x_wconf 85' lang='lat' dir='ltr'><strong>Ea</strong></span> <span class='ocrx_word' id='word_1_159' title='bbox 389 1707 434 1744; x_wconf 88' lang='lat' dir='ltr'><strong>res</strong></span> <span class='ocrx_word' id='word_1_160' title='bbox 443 1696 476 1742; x_wconf 87' lang='lat' dir='ltr'><strong>ut</strong></span> <span class='ocrx_word' id='word_1_161' title='bbox 485 1691 667 1744; x_wconf 85' lang='lat' dir='ltr'><strong>estllelretiis</strong></span> <span class='ocrx_word' id='word_1_162' title='bbox 677 1706 726 1758; x_wconf 91' lang='lat' dir='ltr'><strong>per</strong></span> <span class='ocrx_word' id='word_1_163' title='bbox 735 1690 866 1760; x_wconf 68' lang='lat' dir='ltr'><strong>indicium</strong></span> <span class='ocrx_word' id='word_1_164' title='bbox 877 1691 1005 1742; x_wconf 79' lang='lat' dir='ltr'><strong>enuncie-</strong></span> 
     </span>
     <span class='ocr_line' id='line_1_23' title="bbox 201 1757 1004 1829; baseline -0.002 -19"><span class='ocrx_word' id='word_1_165' title='bbox 201 1766 240 1821; x_wconf 78' lang='lat' dir='ltr'><strong>tn,</strong></span> <span class='ocrx_word' id='word_1_166' title='bbox 249 1760 373 1811; x_wconf 90' lang='lat' dir='ltr'><strong>moribus</strong></span> <span class='ocrx_word' id='word_1_167' title='bbox 383 1761 441 1812; x_wconf 83' lang='lat' dir='ltr'><strong>suis</strong></span> <span class='ocrx_word' id='word_1_168' title='bbox 449 1761 641 1829; x_wconf 82' lang='lat' dir='ltr'><strong>Orgetorigem</strong></span> <span class='ocrx_word' id='word_1_169' title='bbox 653 1775 687 1812; x_wconf 85' lang='lat' dir='ltr'><strong>ex</strong></span> <span class='ocrx_word' id='word_1_170' title='bbox 697 1759 813 1812; x_wconf 86' lang='lat' dir='ltr'><strong>vinculis</strong></span> <span class='ocrx_word' id='word_1_171' title='bbox 828 1773 953 1812; x_wconf 84' lang='lat' dir='ltr'><strong>caussam</strong></span> <span class='ocrx_word' id='word_1_172' title='bbox 963 1757 1004 1809; x_wconf 80' lang='lat' dir='ltr'><strong>tli-</strong></span> 
     </span>
     <span class='ocr_line' id='line_1_24' title="bbox 202 1824 1003 1896; baseline -0.002 -16"><span class='ocrx_word' id='word_1_173' title='bbox 202 1843 266 1880; x_wconf 86' lang='lat' dir='ltr'><strong>cere</strong></span> <span class='ocrx_word' id='word_1_174' title='bbox 277 1836 441 1896; x_wconf 83' lang='lat' dir='ltr'><strong>coegerunt:</strong></span> <span class='ocrx_word' id='word_1_175' title='bbox 461 1831 620 1882; x_wconf 82' lang='lat' dir='ltr'><strong>damnatum</strong></span> <span class='ocrx_word' id='word_1_176' title='bbox 631 1845 748 1896; x_wconf 86' lang='lat' dir='ltr'><strong>poenam</strong></span> <span class='ocrx_word' id='word_1_177' title='bbox 759 1824 838 1896; x_wconf 82' lang='lat' dir='ltr'><strong>sequi</strong></span> <span class='ocrx_word' id='word_1_178' title='bbox 849 1827 1003 1894; x_wconf 84' lang='lat' dir='ltr'><strong>oportebat,</strong></span> 
     </span>
     <span class='ocr_line' id='line_1_25' title="bbox 199 1895 1002 1964; baseline 0 -16"><span class='ocrx_word' id='word_1_179' title='bbox 199 1900 299 1964; x_wconf 82' lang='lat' dir='ltr'><strong>utigni</strong></span> <span class='ocrx_word' id='word_1_180' title='bbox 310 1905 487 1952; x_wconf 74' lang='lat' dir='ltr'><strong>cremaretur.</strong></span> <span class='ocrx_word' id='word_1_181' title='bbox 510 1901 573 1951; x_wconf 73' lang='lat' dir='ltr'><strong>llic</strong></span> <span class='ocrx_word' id='word_1_182' title='bbox 583 1901 733 1951; x_wconf 85' lang='lat' dir='ltr'><strong>constituta</strong></span> <span class='ocrx_word' id='word_1_183' title='bbox 743 1895 855 1950; x_wconf 74' lang='lat' dir='ltr'><strong>caussae</strong></span> <span class='ocrx_word' id='word_1_184' title='bbox 865 1897 1002 1959; x_wconf 81' lang='lat' dir='ltr'><strong>dictionis,</strong></span> 
     </span>
     <span class='ocr_line' id='line_1_26' title="bbox 201 1964 1001 2033; baseline -0.001 -16"><span class='ocrx_word' id='word_1_185' title='bbox 201 1968 351 2033; x_wconf 82' lang='lat' dir='ltr'><strong>Orgetorix</strong></span> <span class='ocrx_word' id='word_1_186' title='bbox 358 1969 396 2020; x_wconf 84' lang='lat' dir='ltr'><strong>ad</strong></span> <span class='ocrx_word' id='word_1_187' title='bbox 403 1970 537 2028; x_wconf 76' lang='lat' dir='ltr'><strong>iudicium</strong></span> <span class='ocrx_word' id='word_1_188' title='bbox 548 1979 656 2020; x_wconf 86' lang='lat' dir='ltr'><strong>omnem</strong></span> <span class='ocrx_word' id='word_1_189' title='bbox 666 1982 744 2019; x_wconf 88' lang='lat' dir='ltr'><strong>suam</strong></span> <span class='ocrx_word' id='word_1_190' title='bbox 755 1967 896 2028; x_wconf 77' lang='lat' dir='ltr'><strong>fabrilium,</strong></span> <span class='ocrx_word' id='word_1_191' title='bbox 907 1967 943 2016; x_wconf 84' lang='lat' dir='ltr'><strong>ad</strong></span> <span class='ocrx_word' id='word_1_192' title='bbox 955 1964 1001 2016; x_wconf 90' lang='lat' dir='ltr'><strong>bo·</strong></span> 
     </span>
     <span class='ocr_line' id='line_1_27' title="bbox 201 2035 1069 2106; baseline 0.001 -21"><span class='ocrx_word' id='word_1_193' title='bbox 201 2037 305 2086; x_wconf 70' lang='lat' dir='ltr'><strong>aninum</strong></span> <span class='ocrx_word' id='word_1_194' title='bbox 318 2039 394 2088; x_wconf 82' lang='lat' dir='ltr'><strong>milia</strong></span> <span class='ocrx_word' id='word_1_195' title='bbox 404 2039 633 2106; x_wconf 86' lang='lat' dir='ltr'><strong>dcoem‚nmlique</strong></span> <span class='ocrx_word' id='word_1_196' title='bbox 644 2039 735 2104; x_wconf 78' lang='lat' dir='ltr'><strong>coegit</strong></span> <span class='ocrx_word' id='word_1_197' title='bbox 745 2042 774 2088; x_wconf 90' lang='lat' dir='ltr'><strong>et</strong></span> <span class='ocrx_word' id='word_1_198' title='bbox 784 2051 878 2087; x_wconf 88' lang='lat' dir='ltr'><strong>omnes</strong></span> <span class='ocrx_word' id='word_1_199' title='bbox 889 2035 1001 2087; x_wconf 85' lang='lat' dir='ltr'><strong>clientes</strong></span> <span class='ocrx_word' id='word_1_200' title='bbox 1068 2053 1069 2103; x_wconf 37' lang='lat'><em>5</em></span> 
     </span>
     <span class='ocr_line' id='line_1_28' title="bbox 202 2102 1069 2176; baseline -0.002 -21"><span class='ocrx_word' id='word_1_201' title='bbox 202 2107 403 2175; x_wconf 84' lang='lat' dir='ltr'><strong>obaeratosque</strong></span> <span class='ocrx_word' id='word_1_202' title='bbox 419 2123 497 2169; x_wconf 89' lang='lat' dir='ltr'><strong>suos,</strong></span> <span class='ocrx_word' id='word_1_203' title='bbox 518 2122 633 2176; x_wconf 93' lang='lat' dir='ltr'><strong>qnorum</strong></span> <span class='ocrx_word' id='word_1_204' title='bbox 650 2121 780 2174; x_wconf 82' lang='lat' dir='ltr'><strong>magnum</strong></span> <span class='ocrx_word' id='word_1_205' title='bbox 796 2119 939 2156; x_wconf 87' lang='lat' dir='ltr'><strong>nnmerum</strong></span> <span class='ocrx_word' id='word_1_206' title='bbox 955 2102 1002 2154; x_wconf 84' lang='lat' dir='ltr'><strong>bo·</strong></span> <span class='ocrx_word' id='word_1_207' title='bbox 1068 2173 1069 2176; x_wconf 8' lang='grc' dir='ltr'><strong>Ἴ</strong></span> 
     </span>
     <span class='ocr_line' id='line_1_29' title="bbox 200 2173 1069 2243; baseline -0.001 -18"><span class='ocrx_word' id='word_1_208' title='bbox 200 2173 297 2237; x_wconf 79' lang='lat' dir='ltr'><strong>behet,</strong></span> <span class='ocrx_word' id='word_1_209' title='bbox 308 2177 404 2228; x_wconf 84' lang='lat' dir='ltr'><strong>eodem</strong></span> <span class='ocrx_word' id='word_1_210' title='bbox 416 2178 560 2228; x_wconf 84' lang='lat' dir='ltr'><strong>conduxit:</strong></span> <span class='ocrx_word' id='word_1_211' title='bbox 580 2192 630 2243; x_wconf 91' lang='lat' dir='ltr'><strong>per</strong></span> <span class='ocrx_word' id='word_1_212' title='bbox 639 2191 699 2238; x_wconf 91' lang='lat' dir='ltr'><strong>cos,</strong></span> <span class='ocrx_word' id='word_1_213' title='bbox 710 2191 744 2227; x_wconf 89' lang='lat' dir='ltr'><strong>ne</strong></span> <span class='ocrx_word' id='word_1_214' title='bbox 754 2189 878 2226; x_wconf 84' lang='lat' dir='ltr'><strong>caussam</strong></span> <span class='ocrx_word' id='word_1_215' title='bbox 889 2175 1002 2237; x_wconf 89' lang='lat' dir='ltr'><strong>diceret,</strong></span> <span class='ocrx_word' id='word_1_216' title='bbox 1068 2183 1069 2216; x_wconf 67' lang='lat' dir='ltr'><strong>i</strong></span> 
     </span>
     <span class='ocr_line' id='line_1_30' title="bbox 201 2243 1069 2311; baseline 0.001 -18"><span class='ocrx_word' id='word_1_217' title='bbox 201 2258 231 2294; x_wconf 92' lang='lat' dir='ltr'><strong>se</strong></span> <span class='ocrx_word' id='word_1_218' title='bbox 242 2246 351 2311; x_wconf 89' lang='lat' dir='ltr'><strong>eripuit.</strong></span> <span class='ocrx_word' id='word_1_219' title='bbox 379 2247 469 2308; x_wconf 80' lang='lat' dir='ltr'><strong>Quum</strong></span> <span class='ocrx_word' id='word_1_220' title='bbox 482 2248 590 2309; x_wconf 78' lang='lat' dir='ltr'><strong>civitas,</strong></span> <span class='ocrx_word' id='word_1_221' title='bbox 601 2245 635 2296; x_wconf 90' lang='lat' dir='ltr'><strong>ob</strong></span> <span class='ocrx_word' id='word_1_222' title='bbox 646 2261 705 2296; x_wconf 87' lang='lat' dir='ltr'><strong>eam</strong></span> <span class='ocrx_word' id='word_1_223' title='bbox 717 2259 776 2295; x_wconf 90' lang='lat' dir='ltr'><strong>rem</strong></span> <span class='ocrx_word' id='word_1_224' title='bbox 787 2245 908 2306; x_wconf 81' lang='lat' dir='ltr'><strong>incitata,</strong></span> <span class='ocrx_word' id='word_1_225' title='bbox 919 2243 1001 2294; x_wconf 81' lang='lat' dir='ltr'><strong>amnis</strong></span> <span class='ocrx_word' id='word_1_226' title='bbox 1068 2247 1069 2254; x_wconf 78' lang='grc'>’</span> 
     </span>
     <span class='ocr_line' id='line_1_31' title="bbox 179 2269 1069 2383; baseline -0.002 -20"><span class='ocrx_word' id='word_1_227' title='bbox 179 2371 181 2376; x_wconf 48' lang='grc'>,</span> <span class='ocrx_word' id='word_1_228' title='bbox 200 2315 245 2364; x_wconf 89' lang='lat' dir='ltr'><strong>ius</strong></span> <span class='ocrx_word' id='word_1_229' title='bbox 255 2329 336 2365; x_wconf 90' lang='lat' dir='ltr'><strong>snum</strong></span> <span class='ocrx_word' id='word_1_230' title='bbox 351 2318 463 2383; x_wconf 85' lang='lat' dir='ltr'><strong>exsequi</strong></span> <span class='ocrx_word' id='word_1_231' title='bbox 476 2322 628 2367; x_wconf 81' lang='lat' dir='ltr'><strong>conaretur</strong></span> <span class='ocrx_word' id='word_1_232' title='bbox 641 2313 902 2380; x_wconf 79' lang='lat' dir='ltr'><strong>multitudinemque</strong></span> <span class='ocrx_word' id='word_1_233' title='bbox 917 2310 1001 2364; x_wconf 88' lang='lat' dir='ltr'><strong>homi·</strong></span> <span class='ocrx_word' id='word_1_234' title='bbox 1066 2269 1069 2362; x_wconf 59' lang='lat'><strong>⁴</strong></span> 
     </span>
     <span class='ocr_line' id='line_1_32' title="bbox 200 2383 1000 2452; baseline -0.001 -20"><span class='ocrx_word' id='word_1_235' title='bbox 200 2398 267 2433; x_wconf 86' lang='lat' dir='ltr'><strong>num</strong></span> <span class='ocrx_word' id='word_1_236' title='bbox 279 2399 312 2435; x_wconf 83' lang='lat' dir='ltr'><strong>ex</strong></span> <span class='ocrx_word' id='word_1_237' title='bbox 323 2385 396 2451; x_wconf 83' lang='lat' dir='ltr'><strong>agris</strong></span> <span class='ocrx_word' id='word_1_238' title='bbox 411 2387 589 2452; x_wconf 86' lang='lat' dir='ltr'><strong>magistratus</strong></span> <span class='ocrx_word' id='word_1_239' title='bbox 604 2389 747 2450; x_wconf 80' lang='lat' dir='ltr'><strong>cogerent,</strong></span> <span class='ocrx_word' id='word_1_240' title='bbox 767 2383 917 2449; x_wconf 81' lang='lat' dir='ltr'><strong>Orgetorix</strong></span> <span class='ocrx_word' id='word_1_241' title='bbox 933 2394 1000 2432; x_wconf 91' lang='lat' dir='ltr'><strong>mor·</strong></span> 
     </span>
     <span class='ocr_line' id='line_1_33' title="bbox 200 2442 998 2522; baseline 0 -22"><span class='ocrx_word' id='word_1_242' title='bbox 200 2459 266 2502; x_wconf 89' lang='lat' dir='ltr'><strong>tuus</strong></span> <span class='ocrx_word' id='word_1_243' title='bbox 277 2442 332 2504; x_wconf 81' lang='lat' dir='ltr'><strong>cst‘:</strong></span> <span class='ocrx_word' id='word_1_244' title='bbox 355 2469 445 2521; x_wconf 90' lang='lat' dir='ltr'><strong>neque</strong></span> <span class='ocrx_word' id='word_1_245' title='bbox 453 2455 535 2522; x_wconf 21' lang='lat' dir='ltr'><strong>(abest</strong></span> <span class='ocrx_word' id='word_1_246' title='bbox 544 2455 675 2520; x_wconf 88' lang='lat' dir='ltr'><strong>suspicio,</strong></span> <span class='ocrx_word' id='word_1_247' title='bbox 695 2458 727 2503; x_wconf 92' lang='lat' dir='ltr'><strong>ut</strong></span> <span class='ocrx_word' id='word_1_248' title='bbox 736 2452 858 2504; x_wconf 84' lang='lat' dir='ltr'><strong>Helvetii</strong></span> <span class='ocrx_word' id='word_1_249' title='bbox 869 2452 998 2504; x_wconf 85' lang='lat' dir='ltr'><strong>arbitron·</strong></span> 
     </span>
     <span class='ocr_line' id='line_1_34' title="bbox 200 2523 776 2589; baseline 0.003 -19"><span class='ocrx_word' id='word_1_250' title='bbox 200 2527 261 2584; x_wconf 85' lang='lat' dir='ltr'><strong>tur,</strong></span> <span class='ocrx_word' id='word_1_251' title='bbox 270 2524 335 2588; x_wconf 90' lang='lat' dir='ltr'><strong>quin</strong></span> <span class='ocrx_word' id='word_1_252' title='bbox 345 2524 403 2589; x_wconf 86' lang='lat' dir='ltr'><strong>ipse</strong></span> <span class='ocrx_word' id='word_1_253' title='bbox 414 2524 464 2574; x_wconf 86' lang='lat' dir='ltr'><strong>sibi</strong></span> <span class='ocrx_word' id='word_1_254' title='bbox 476 2529 593 2574; x_wconf 89' lang='lat' dir='ltr'><strong>mortem</strong></span> <span class='ocrx_word' id='word_1_255' title='bbox 605 2523 776 2574; x_wconf 78' lang='lat' dir='ltr'><strong>consciverit·</strong></span> 
     </span>
     <span class='ocr_line' id='line_1_35' title="bbox 253 2586 998 2650; baseline -0.004 -9"><span class='ocrx_word' id='word_1_256' title='bbox 253 2591 287 2641; x_wconf 87' lang='lat' dir='ltr'><strong>V.</strong></span> <span class='ocrx_word' id='word_1_257' title='bbox 322 2591 389 2644; x_wconf 87' lang='lat' dir='ltr'><strong>Post</strong></span> <span class='ocrx_word' id='word_1_258' title='bbox 409 2595 468 2644; x_wconf 87' lang='lat' dir='ltr'><strong>eius</strong></span> <span class='ocrx_word' id='word_1_259' title='bbox 486 2599 603 2644; x_wconf 88' lang='lat' dir='ltr'><strong>mortem</strong></span> <span class='ocrx_word' id='word_1_260' title='bbox 621 2590 710 2642; x_wconf 89' lang='lat' dir='ltr'><strong>nihilo</strong></span> <span class='ocrx_word' id='word_1_261' title='bbox 725 2593 814 2642; x_wconf 81' lang='lat' dir='ltr'><strong>nribus</strong></span> <span class='ocrx_word' id='word_1_262' title='bbox 829 2587 948 2642; x_wconf 80' lang='lat' dir='ltr'><strong>Helvetii</strong></span> <span class='ocrx_word' id='word_1_263' title='bbox 961 2586 998 2650; x_wconf 84' lang='lat' dir='ltr'><strong>io,</strong></span> 
     </span>
     <span class='ocr_line' id='line_1_36' title="bbox 181 2658 1066 2726; baseline 0 -21"><span class='ocrx_word' id='word_1_264' title='bbox 181 2699 184 2705; x_wconf 91' lang='lat'><em>.</em></span> <span class='ocrx_word' id='word_1_265' title='bbox 200 2659 275 2726; x_wconf 86' lang='lat' dir='ltr'><strong>quod</strong></span> <span class='ocrx_word' id='word_1_266' title='bbox 285 2663 498 2724; x_wconf 79' lang='lat' dir='ltr'><strong>constituerant,</strong></span> <span class='ocrx_word' id='word_1_267' title='bbox 510 2662 602 2714; x_wconf 82' lang='lat' dir='ltr'><strong>facere</strong></span> <span class='ocrx_word' id='word_1_268' title='bbox 613 2667 757 2725; x_wconf 84' lang='lat' dir='ltr'><strong>conantur,</strong></span> <span class='ocrx_word' id='word_1_269' title='bbox 767 2667 799 2711; x_wconf 89' lang='lat' dir='ltr'><strong>ut</strong></span> <span class='ocrx_word' id='word_1_270' title='bbox 808 2676 823 2712; x_wconf 92' lang='lat' dir='ltr'><strong>e</strong></span> <span class='ocrx_word' id='word_1_271' title='bbox 833 2658 932 2710; x_wconf 82' lang='lat' dir='ltr'><strong>linibus</strong></span> <span class='ocrx_word' id='word_1_272' title='bbox 943 2658 997 2706; x_wconf 83' lang='lat' dir='ltr'><strong>suis</strong></span> <span class='ocrx_word' id='word_1_273' title='bbox 1065 2676 1066 2715; x_wconf 62' lang='lat' dir='ltr'><strong>q</strong></span> 
     </span>
     <span class='ocr_line' id='line_1_37' title="bbox 200 2727 996 2798; baseline -0.001 -19"><span class='ocrx_word' id='word_1_274' title='bbox 200 2736 306 2780; x_wconf 79' lang='lat' dir='ltr'><strong>escant.</strong></span> <span class='ocrx_word' id='word_1_275' title='bbox 326 2731 377 2782; x_wconf 91' lang='lat' dir='ltr'><strong>Ubi</strong></span> <span class='ocrx_word' id='word_1_276' title='bbox 387 2732 441 2782; x_wconf 80' lang='lat' dir='ltr'><strong>iam</strong></span> <span class='ocrx_word' id='word_1_277' title='bbox 450 2747 480 2784; x_wconf 87' lang='lat' dir='ltr'><strong>se</strong></span> <span class='ocrx_word' id='word_1_278' title='bbox 492 2732 527 2783; x_wconf 84' lang='lat' dir='ltr'><strong>od</strong></span> <span class='ocrx_word' id='word_1_279' title='bbox 537 2745 598 2786; x_wconf 82' lang='lat' dir='ltr'><strong>rom</strong></span> <span class='ocrx_word' id='word_1_280' title='bbox 609 2746 666 2784; x_wconf 87' lang='lat' dir='ltr'><strong>rcm</strong></span> <span class='ocrx_word' id='word_1_281' title='bbox 678 2736 791 2798; x_wconf 81' lang='lat' dir='ltr'><strong>paratos</strong></span> <span class='ocrx_word' id='word_1_282' title='bbox 802 2743 861 2784; x_wconf 85' lang='lat' dir='ltr'><strong>csse</strong></span> <span class='ocrx_word' id='word_1_283' title='bbox 872 2727 996 2780; x_wconf 80' lang='lat' dir='ltr'><strong>arbitrati</strong></span> 
     </span>
    </p>
   </div>
   <div class='ocr_carea' id='block_1_3' title="bbox 1063 2363 1067 2372">
    <p class='ocr_par' dir='ltr' id='par_1_3' title="bbox 1063 2363 1067 2372">
     <span class='ocr_line' id='line_1_38' title="bbox 1063 2363 1067 2372; baseline 0 0"><span class='ocrx_word' id='word_1_284' title='bbox 1063 2363 1067 2372; x_wconf 56' lang='grc' dir='ltr'><strong>ν</strong></span> 
     </span>
    </p>
   </div>
   <div class='ocr_carea' id='block_1_4' title="bbox 1060 2750 1067 2877">
    <p class='ocr_par' dir='ltr' id='par_1_4' title="bbox 1060 2750 1067 2908">
     <span class='ocr_line' id='line_1_39' title="bbox 1060 2750 1067 2877; baseline 0 31"><span class='ocrx_word' id='word_1_285' title='bbox 1060 2750 1067 2877; x_wconf 83' lang='lat' dir='ltr'><strong>l</strong></span> 
     </span>
    </p>
   </div>
   <div class='ocr_carea' id='block_1_5' title="bbox 0 0 1080 3124">
    <p class='ocr_par' dir='ltr' id='par_1_5' title="bbox 0 0 1080 3124">
     <span class='ocr_line' id='line_1_40' title="bbox 0 0 1080 3124; baseline 0 1"><span class='ocrx_word' id='word_1_286' title='bbox 0 0 1080 3124; x_wconf 95' lang='lat' dir='ltr'><strong> </strong></span> 
     </span>
    </p>
   </div>
  </div>
 </body>
</html>
