2168 3134
303 219 306 224 -
369 182 521 238 LIBER
555 186 673 244 vill„
714 225 719 240 ‚
857 187 908 240 reu

104 303 168 346 runs
186 286 433 361 explicandorum:
457 285 528 340 Mihi
543 303 579 342 ne
593 285 663 340 illud
676 289 787 358 quidem
798 289 907 351 accidit,
951 338 956 350 ,

100 366 132 411 ut
151 357 339 410 Alexandrino
366 362 451 424 atque
476 357 609 412 Africano
633 358 708 412 bello
728 361 907 412 interessem

93 443 174 499 ¹quae
193 427 268 484 bella
281 441 448 495 quamquam
463 441 498 478 ex
514 433 594 492 parte
609 427 689 479 nobis
708 430 836 482 Caesaris
851 443 907 481 ser-

101 512 185 554 mone
197 496 347 561 sint'nota3
369 502 469 550 'tamen
480 497 564 548 aliter
574 496 702 550 eudimus
714 513 761 562 ee,
784 515 854 568 quae
866 515 908 550 re·

101 583 166 620 rum
178 568 307 622 ‚novitate
326 572 376 618 aut
390 567 577 619 admiratione
594 581 645 617 nos
662 564 789 635 capiunt,
817 569 909 632 aliter,

102 652 178 706 quae
192 651 242 706 pre
257 637 420 690 testimonio
436 651 532 688 sumus
546 635 658 688 dicturi.
694 637 749 690 Sed
766 653 819 706 ego
830 640 910 690 nimi-

103 723 183 770 rum,
211 706 276 760 dum
287 721 385 758 onrnes
396 706 586 758 excusationis
597 721 712 758 caussas
728 707 844 776 colligo,
873 723 910 760 ne

103 792 168 828 curn
179 777 299 829 Caesare
310 775 454 839 conterar,
473 773 526 826 hoc
535 778 598 843 ipso
610 777 714 828 crimen
725 776 910 848 adrogantiae
997 771 1000 778 '

103 847 208 910 subeo,
222 845 305 912 'quod
315 861 361 897 me
371 845 472 896 iudicio
483 847 646 913 cuiusquam
656 847 814 914 existimem
825 861 910 918 posse

103 927 168 992 cum
178 917 298 970 Caesare
309 915 472 983 comparari.
500 915 589 979 ¹Vale.

398 1024 606 1046 n*

140 1122 163 1174 l.
183 1083 284 1174 ouini
296 1120 388 1174 Gallia
399 1122 518 1187 devicta,
530 1124 635 1198 Caesar
643 1139 727 1194 quum
739 1141 757 1177 a
766 1125 913 1190 superiore

104 1195 218 1245 aestate
229 1191 336 1244 nullum
346 1193 471 1245 bellandi
486 1199 596 1262 tempus
605 1197 817 1256 intermisisset,
844 1193 915 1244 rnili-

104 1269 206 1330 tesque
216 1260 397 1314 hibernorum
410 1266 506 1332 quiete
517 1264 633 1317 reficere
645 1267 759 1334 stantis
769 1264 914 1316 laboribus

105 1331 213 1396 vellete
226 1331 382 1399 complures
393 1333 492 1387 eodem
503 1339 630 1402 'tempore
641 1331 769 1390 ciritates
779 1346 914 1384 renovare

105 1401 175 1455 belli
185 1401 303 1456 consilia
313 1403 529 1467 nunciabantur,
539 1404 802 1470 coniurationesque
812 1401 916 1454 facere.

107 1473 193 1525 Cuius
203 1473 246 1525 rei
257 1473 414 1524 verisimilis
425 1488 524 1524 caussa
534 1474 723 1536 adserebatur,
734 1471 815 1540 quod
826 1470 916 1522 Gallis

108 1541 239 1594 omnibus
250 1543 393 1610 cognitum
404 1548 489 1608 esset,
510 1558 599 1612 neque
608 1542 668 1594 ulla
677 1540 866 1604 multitudine,
884 1543 917 1592 in

109 1621 196 1664 uuum
206 1611 302 1663 locum
310 1617 422 1676 coacta,
439 1613 534 1665 resisti
545 1627 629 1680 posse
638 1612 786 1672 Romanis;
809 1625 874 1672 nee,
892 1610 917 1660 si

108 1681 221 1734 diversa
235 1681 311 1739 bella
325 1683 481 1750 complures
497 1683 596 1734 eodem
610 1686 736 1747 tempore
746 1682 869 1731 inissent
879 1681 917 1731 ci·

108 1753 219 1814 vitates,
238 1753 309 1804 satis
320 1753 431 1816 auxilii,
451 1757 502 1803 aut
511 1754 608 1820 spatii,
618 1748 678 1803 'aut
688 1752 828 1822 copiarum
840 1748 917 1802 hebi·

108 1824 370 1876 turumexemitum
379 1821 916 1890 pepuliRemaniadomniapcrsequen·

108 1891 161 1943 dat
179 1907 236 1943 non
248 1907 310 1944 esse
326 1896 419 1942 autern
431 1891 515 1943 alicui
530 1894 638 1944 civitati
648 1897 755 1944 sortem
765 1892 917 1942 incommo-

108 1961 137 2014 di
148 1961 343 2024 recusandam,
371 1962 395 2012 si
404 1961 454 2014 tali
464 1977 543 2015 mora
552 1962 677 2031 reliquae
687 1967 803 2031 possent
813 1976 844 2014 se
855 1961 915 2012 vin·

107 2029 420 2084 dicareinlibertatem.

161 2101 197 2152 ll.
215 2099 294 2162 Quae
305 2116 340 2152 ne
351 2103 444 2169 opinio
456 2101 602 2154 Gallorum
613 2099 836 2161 confirmaretur,
847 2100 916 2150 Cae·
963 2110 967 2118 ’

108 2185 157 2222 aar
166 2170 206 2222 Μ.
217 2171 368 2222 Antonium
380 2167 558 2239 quaestorem
567 2173 625 2225 suis
636 2161 917 2250 praefecithiberniss

108 2242 168 2308 ipse
180 2255 243 2291 cum
259 2242 401 2315 equitatus
417 2240 557 2308 praesidio
571 2240 661 2318 pridie
675 2239 740 2291 Kal·
768 2237 914 2290 lanuarias

108 2310 144 2362 ab
165 2310 267 2377 oppido
281 2311 413 2363 Bibracte
432 2310 618 2378 proficiscitur
633 2309 668 2378 ad
681 2310 823 2378 legionem
838 2305 914 2390 Xlll,

128 2395 195 2430 uam
208 2380 360 2448 senlenge
376 2396 393 2431 a
403 2379 505 2432 finibus
515 2381 672 2432 Aeduorum
689 2378 874 2431 collocaverat
884 2392 912 2428 m
970 2437 972 2440 ¹

109 2396 392 2518 auibusBiturigum,
406 2453 487 2519 eique
497 2450 625 2518 adiungit
635 2448 774 2516 legionem
785 2445 834 2509 Xl,
844 2459 918 2514 quae

110 2521 237 2586 proxima
252 2519 356 2572 iuerat,
390 2520 471 2572 Binis
483 2519 645 2572 cohortibus
659 2518 699 2570 'ad
713 2515 916 2584 impedimenta

109 2587 217 2640 tuenda
227 2589 342 2652 relictis,
357 2588 494 2659 reliquum
506 2591 658 2644 exercitum
669 2589 698 2639 in
709 2586 915 2656 copiosissimos

110 2671 195 2726 agros
216 2657 375 2726 Biturigum
394 2660 514 2725 inducit3
542 2663 589 2730 qui
609 2674 694 2730 quum
711 2658 786 2710 latos
800 2658 871 2707 lines
886 2662 916 2708 et

113 2727 259 2797 complura
269 2727 371 2798 oppida
385 2727 534 2798 baberent,
563 2732 646 2784 unius
657 2730 779 2800 legionis
790 2725 915 2780 hibernis
