2150 3124
406 94 556 148 urana
591 97 644 150 ιν.
674 163 677 174 ,
892 99 925 151 ro

119 203 348 268 exportaverant,
366 211 455 266 seque·
467 199 496 252 ia
506 168 690 254 {olitudinem
705 216 738 252 ac
751 201 835 254 silvas
850 202 924 256 abdi-

119 269 230 322 derant.

170 337 245 391 XIX.
284 339 399 402 Cacsar,
418 353 521 405 paucos
535 339 594 392 dies
608 341 637 390 in
649 355 745 392 eorum
756 341 856 394 linibus
866 357 923 392 mo-

99 406 103 410 ’
118 412 211 472 ratus,
222 410 349 460 omnibus
360 409 426 459 sicis
437 408 625 478 aedificiisque
635 411 753 462 incensis
763 409 922 463 frumentis·

119 495 172 548 que
188 481 316 542 succisis,
334 493 364 530 se
379 479 407 528 in
423 479 492 530 fines
503 479 636 530 Ubiorum
651 482 778 547 recepitq
791 487 875 548 atque
889 482 923 531 iis

99 550 103 555 “
117 549 250 600 auxilium
265 564 345 599 suuni
360 547 514 614 pollicitus,
533 550 557 602 si
569 549 603 600 ab
614 547 711 601 Suevis
722 556 925 616 premerentur,

104 617 186 670 ‘baec
201 620 236 670 ab
249 620 283 668 iis
295 617 435 686 cognovitz
457 617 571 682 Suevos,
582 624 758 686 posteaquam
770 635 821 686 per
831 620 924 686 explu-

118 695 228 740 ratores
237 693 351 754 'pontem
362 689 422 739 iieri
434 691 647 754 comperissent,
659 703 735 740 more
745 703 796 740 suo
807 690 925 741 concilio

118 756 231 822 habito,
242 759 359 810 nuncios
369 758 397 806 in
408 772 503 807 ornnes
515 765 608 824 partes
619 758 770 821 dimisisse,
780 759 821 822 uti
833 759 867 810 de
878 773 925 824 op-

117 827 191 895 pidis
202 828 405 894 demigrarent,
421 825 537 890 liberos,
551 843 667 891 uxores,
676 844 782 896 suaque
793 830 885 880 omnia
895 830 925 878 in

118 897 201 948 siivas
217 897 388 964 deponerent
403 902 486 963 atquo
502 912 609 960 ornnes,
630 900 677 966 qui
688 913 766 950 acrna
776 897 851 961 ferro
861 913 924 965 pos·

117 973 279 1028 centonum
289 969 318 1016 in
329 965 419 1017 locum
432 968 621 1019 convenirent:
633 966 704 1020 hunc
715 983 775 1022 esse
786 968 923 1024 delectum

116 1037 238 1088 aredium
260 1036 320 1088 sere
338 1037 484 1102 regionum
504 1051 613 1101 earum,
633 1053 702 1105 quas
713 1037 796 1098 Suevi
817 1039 924 1098 obtine·

116 1111 196 1157 rent:
219 1105 264 1156 hic
283 1106 471 1156 Romanorum
492 1105 640 1158 adventum
662 1114 820 1174 exspectare
840 1114 923 1175 atque

116 1175 313 1228 ibi'deccitare
327 1175 512 1229 constituisse.
547 1176 629 1238 Quod
646 1177 691 1228 ubi
704 1177 805 1240 Cacsar
815 1193 922 1243 compe·

116 1246 168 1308 rit,
179 1247 305 1296 munibus
314 1242 356 1295 his
367 1245 450 1296 robus
460 1243 604 1308 confectis,
616 1261 731 1312 quarum
741 1262 835 1307 reruni
847 1260 923 1298 caus·

117 1329 150 1366 sa
163 1313 344 1366 transducere
356 1315 506 1374 exercitum
519 1317 714 1376 constituerat,
734 1320 766 1366 ut
776 1315 923 1366 Germanis

98 1383 100 1388 ’
118 1389 222 1435 metum
234 1385 374 1446 iniiceret,
385 1387 416 1433 ut
425 1380 585 1450 Sigambros
595 1385 788 1445 ulcisceretur,
798 1392 829 1435 ut
837 1384 924 1434 Ubios

44 1482 47 1490 ·
98 1450 102 1455 ’
119 1453 261 1504 obsidione
282 1453 429 1514 liberaret,
450 1453 546 1503 diebus
562 1455 673 1504 omnino
690 1454 717 1506 X
733 1453 834 1506 etVlll
846 1459 924 1505 trans

118 1521 243 1574 Rhenum
261 1522 426 1583 consumtis,
446 1521 724 1588 satisetadlaudem
735 1522 922 1582 etadutilita-

117 1599 174 1642 toni
187 1591 340 1659 profectum
351 1589 517 1654 arbitratus,
534 1607 564 1644 se
576 1593 603 1641 in
614 1589 733 1646 Galliam
744 1593 848 1658 recepit
859 1606 924 1657 pon·

36 1693 39 1698 ·
118 1669 232 1730 temque
244 1659 364 1712 rescidit.

170 1730 233 1782 XX.
268 1731 377 1798 Exigua
386 1729 466 1795 'parto
477 1731 591 1781 aestatis
601 1729 723 1797 reliqua,
741 1731 859 1793 Cacsar,
870 1733 923 1784 etsi

118 1800 146 1851 in
156 1798 199 1850 his
208 1801 289 1862 locis,
305 1797 378 1867 quod
391 1799 479 1850 omnis
490 1799 582 1850 Gallia
593 1801 628 1850 ad
638 1801 852 1868 septemtriones
862 1816 922 1858 ver-

40 1875 44 1884 *
117 1871 173 1938 git,
188 1876 315 1934 maturae
325 1874 390 1918 sunt
401 1867 518 1930 hiemes,
538 1875 630 1921 tamen
640 1872 669 1920 in
678 1871 850 1922 Britanniam
861 1885 923 1936 pro·

118 1939 203 2001 iicisci
223 1938 377 2000 contendit,
398 1937 471 2004 quod
492 1933 616 1992 omnibns
629 1939 696 2006 ¹fere
708 1939 823 1992 Gallicis
841 1941 923 1994 bellis

20 2041 21 2046 =
117 2007 244 2060 hostibus
258 2009 360 2059 nostris
376 2007 440 2060 inde
450 2007 659 2060 subministrata
668 2009 770 2060 auxilia
780 2009 924 2076 intellego·

20 2099 22 2156 g
116 2079 178 2130 bat:
200 2083 241 2144 et,
260 2077 283 2127 si
296 2083 404 2141 tempus
420 2077 484 2146 anni
499 2076 535 2128 ad
550 2075 653 2130 bellum
664 2079 816 2146 gerendum
826 2079 924 2133 deiice-

78 2151 80 2158 '
116 2151 270 2210 rettamen
279 2162 380 2213 magno
391 2147 442 2197 sibi
454 2148 515 2196 usui
526 2145 586 2198 fore
597 2149 793 2215 arbitrabatur,
804 2148 921 2200 simodo

20 2237 22 2266 i
116 2217 236 2268 insulam
248 2209 363 2278 adisset,
383 2213 470 2284 genus
481 2213 622 2266 bominum
632 2219 830 2283 perspexisset,
850 2215 922 2279 loca,

116 2292 226 2355 portus,
248 2286 339 2354 aditus
360 2286 548 2354 cognovissem
566 2301 637 2354 quae
652 2287 744 2336 omnis
759 2284 818 2348 fere
833 2285 921 2336 Gallis

117 2361 200 2408 erant
217 2355 367 2422 incognita.
404 2353 499 2422 Neque
515 2357 587 2424 enim
603 2360 709 2406 temere
725 2359 837 2419 praeter
851 2370 922 2406 nior·

117 2431 228 2478 catorcs
238 2425 288 2476 illo
299 2424 358 2474 adit
368 2427 526 2494 quisquam,
541 2425 631 2496 neque
643 2425 677 2473 iis
686 2423 752 2488 ipsis
764 2423 921 2490 quidquam,

114 2501 227 2562 praeter
248 2508 324 2546 oram
340 2495 505 2544 maritimam
522 2498 605 2561 atque
620 2507 670 2544 eas
686 2494 829 2559 regiones,
847 2508 920 2559 quae

115 2570 181 2616 sunt
196 2571 295 2616 contra
305 2563 423 2626 Gallias,
439 2567 533 2614 notum
544 2569 595 2614 est.
631 2563 729 2630 ltaque
734 2599 743 2626 ,
754 2564 873 2614 evocatis
884 2563 919 2614 ad

115 2650 145 2686 se
155 2633 274 2704 undique
285 2631 499 2694 mercatoribus,
515 2647 603 2698 neque
615 2637 718 2698 quanta
728 2635 803 2684 esset
812 2631 918 2683 insulan
