<?xml version="1.0" encoding="UTF-8"?>
<!DOCTYPE html PUBLIC "-//W3C//DTD XHTML 1.0 Transitional//EN"
    "http://www.w3.org/TR/xhtml1/DTD/xhtml1-transitional.dtd">
<html xmlns="http://www.w3.org/1999/xhtml" xml:lang="en" lang="en">
 <head>
  <title>
</title>
<meta http-equiv="Content-Type" content="text/html;charset=utf-8" />
  <meta name='ocr-system' content='tesseract 3.04.00' />
  <meta name='ocr-capabilities' content='ocr_page ocr_carea ocr_par ocr_line ocrx_word'/>
</head>
<body>
  <div class='ocr_page' id='page_1' title='image "./cjuliicaesarisc05caesgoog_0263.png"; bbox 0 0 2168 3134; ppageno 0'>
   <div class='ocr_carea' id='block_1_1' title="bbox 403 167 907 248">
    <p class='ocr_par' dir='ltr' id='par_1_1' title="bbox 403 167 907 270">
     <span class='ocr_line' id='line_1_1' title="bbox 403 167 907 248; baseline 0.004 -8"><span class='ocrx_word' id='word_1_1' title='bbox 403 185 552 248; x_wconf 72' lang='lat' dir='ltr'><strong>bruun</strong></span> <span class='ocrx_word' id='word_1_2' title='bbox 573 167 606 240; x_wconf 75' lang='grc' dir='ltr'>·ι.’</span> <span class='ocrx_word' id='word_1_3' title='bbox 666 185 668 194; x_wconf 91' lang='grc'><strong><em>·</em></strong></span> <span class='ocrx_word' id='word_1_4' title='bbox 847 185 907 242; x_wconf 77' lang='grc' dir='ltr'>ιιι.</span> 
     </span>
    </p>
   </div>
   <div class='ocr_carea' id='block_1_2' title="bbox 87 289 968 918">
    <p class='ocr_par' dir='ltr' id='par_1_2' title="bbox 87 289 968 918">
     <span class='ocr_line' id='line_1_2' title="bbox 92 289 897 360; baseline -0.002 -16"><span class='ocrx_word' id='word_1_5' title='bbox 92 291 129 346; x_wconf 80' lang='lat' dir='ltr'><strong>ibi</strong></span> <span class='ocrx_word' id='word_1_6' title='bbox 148 291 300 360; x_wconf 71' lang='lat' dir='ltr'><strong>paullisper</strong></span> <span class='ocrx_word' id='word_1_7' title='bbox 319 291 370 346; x_wconf 86' lang='lat' dir='ltr'><strong>sub</strong></span> <span class='ocrx_word' id='word_1_8' title='bbox 390 292 476 342; x_wconf 83' lang='lat' dir='ltr'><strong>armis</strong></span> <span class='ocrx_word' id='word_1_9' title='bbox 492 297 631 355; x_wconf 84' lang='lat' dir='ltr'><strong>moratus,</strong></span> <span class='ocrx_word' id='word_1_10' title='bbox 652 291 720 344; x_wconf 79' lang='lat' dir='ltr'><strong>facit</strong></span> <span class='ocrx_word' id='word_1_11' title='bbox 733 289 897 359; x_wconf 76' lang='lat' dir='ltr'><strong>oequolocc</strong></span> 
     </span>
     <span class='ocr_line' id='line_1_3' title="bbox 90 360 898 431; baseline -0.001 -18"><span class='ocrx_word' id='word_1_12' title='bbox 90 363 233 431; x_wconf 84' lang='lat' dir='ltr'><strong>pugnandi</strong></span> <span class='ocrx_word' id='word_1_13' title='bbox 259 366 438 430; x_wconf 72' lang='lat' dir='ltr'><strong>potestatem.</strong></span> <span class='ocrx_word' id='word_1_14' title='bbox 474 360 621 414; x_wconf 85' lang='lat' dir='ltr'><strong>Potestate</strong></span> <span class='ocrx_word' id='word_1_15' title='bbox 649 363 737 425; x_wconf 78' lang='lat' dir='ltr'><strong>fecte,</strong></span> <span class='ocrx_word' id='word_1_16' title='bbox 767 361 898 413; x_wconf 79' lang='lat' dir='ltr'><strong>Afranius</strong></span> 
     </span>
     <span class='ocr_line' id='line_1_4' title="bbox 90 431 897 499; baseline 0 -15"><span class='ocrx_word' id='word_1_17' title='bbox 90 434 187 499; x_wconf 79' lang='lat' dir='ltr'><strong>copies</strong></span> <span class='ocrx_word' id='word_1_18' title='bbox 202 433 296 484; x_wconf 88' lang='lat' dir='ltr'><strong>educit</strong></span> <span class='ocrx_word' id='word_1_19' title='bbox 307 438 336 484; x_wconf 89' lang='lat' dir='ltr'><strong>et</strong></span> <span class='ocrx_word' id='word_1_20' title='bbox 347 433 375 482; x_wconf 88' lang='lat' dir='ltr'><strong>in</strong></span> <span class='ocrx_word' id='word_1_21' title='bbox 386 431 478 489; x_wconf 85' lang='lat' dir='ltr'><strong>medio</strong></span> <span class='ocrx_word' id='word_1_22' title='bbox 490 431 562 482; x_wconf 89' lang='lat' dir='ltr'><strong>colle</strong></span> <span class='ocrx_word' id='word_1_23' title='bbox 573 433 624 484; x_wconf 90' lang='lat' dir='ltr'><strong>sub</strong></span> <span class='ocrx_word' id='word_1_24' title='bbox 635 433 732 484; x_wconf 72' lang='lat' dir='ltr'><strong>cestris</strong></span> <span class='ocrx_word' id='word_1_25' title='bbox 744 433 897 484; x_wconf 84' lang='lat' dir='ltr'><strong>constituit.</strong></span> 
     </span>
     <span class='ocr_line' id='line_1_5' title="bbox 90 501 898 569; baseline -0.006 -14"><span class='ocrx_word' id='word_1_26' title='bbox 90 504 205 564; x_wconf 77' lang='lat' dir='ltr'><strong>Caesar,</strong></span> <span class='ocrx_word' id='word_1_27' title='bbox 216 503 262 553; x_wconf 92' lang='lat' dir='ltr'><strong>ubi</strong></span> <span class='ocrx_word' id='word_1_28' title='bbox 274 503 412 569; x_wconf 85' lang='lat' dir='ltr'><strong>cognorit,</strong></span> <span class='ocrx_word' id='word_1_29' title='bbox 423 517 475 569; x_wconf 78' lang='lat' dir='ltr'><strong>per</strong></span> <span class='ocrx_word' id='word_1_30' title='bbox 484 501 628 555; x_wconf 76' lang='lat' dir='ltr'><strong>Afranium</strong></span> <span class='ocrx_word' id='word_1_31' title='bbox 640 509 726 564; x_wconf 82' lang='lat' dir='ltr'><strong>stare,</strong></span> <span class='ocrx_word' id='word_1_32' title='bbox 739 516 793 569; x_wconf 92' lang='lat' dir='ltr'><strong>quo</strong></span> <span class='ocrx_word' id='word_1_33' title='bbox 806 503 898 552; x_wconf 89' lang='lat' dir='ltr'><strong>minus</strong></span> 
     </span>
     <span class='ocr_line' id='line_1_6' title="bbox 89 571 968 640; baseline -0.006 -16"><span class='ocrx_word' id='word_1_34' title='bbox 89 571 202 640; x_wconf 85' lang='lat' dir='ltr'><strong>proelio</strong></span> <span class='ocrx_word' id='word_1_35' title='bbox 213 571 408 634; x_wconf 78' lang='lat' dir='ltr'><strong>dimicoretur‚</strong></span> <span class='ocrx_word' id='word_1_36' title='bbox 420 572 454 622; x_wconf 83' lang='lat' dir='ltr'><strong>ab</strong></span> <span class='ocrx_word' id='word_1_37' title='bbox 466 571 568 624; x_wconf 84' lang='lat' dir='ltr'><strong>infimis</strong></span> <span class='ocrx_word' id='word_1_38' title='bbox 578 571 717 624; x_wconf 80' lang='lat' dir='ltr'><strong>radicibus</strong></span> <span class='ocrx_word' id='word_1_39' title='bbox 728 572 896 636; x_wconf 77' lang='lat' dir='ltr'><strong>montis,in·</strong></span> <span class='ocrx_word' id='word_1_40' title='bbox 965 576 968 581; x_wconf 84' lang='grc'><strong>“</strong></span> 
     </span>
     <span class='ocr_line' id='line_1_7' title="bbox 89 641 897 710; baseline -0.005 -16"><span class='ocrx_word' id='word_1_41' title='bbox 89 643 231 694; x_wconf 85' lang='lat' dir='ltr'><strong>termissis</strong></span> <span class='ocrx_word' id='word_1_42' title='bbox 243 643 356 693; x_wconf 75' lang='lat' dir='ltr'><strong>circiter</strong></span> <span class='ocrx_word' id='word_1_43' title='bbox 365 642 493 708; x_wconf 81' lang='lat' dir='ltr'><strong>passibus</strong></span> <span class='ocrx_word' id='word_1_44' title='bbox 505 641 731 710; x_wconf 74' lang='lat' dir='ltr'><strong>quadringentis,</strong></span> <span class='ocrx_word' id='word_1_45' title='bbox 753 647 846 692; x_wconf 81' lang='lat' dir='ltr'><strong>castro</strong></span> <span class='ocrx_word' id='word_1_46' title='bbox 857 641 897 692; x_wconf 79' lang='lat' dir='ltr'><strong>fo·</strong></span> 
     </span>
     <span class='ocr_line' id='line_1_8' title="bbox 88 710 896 778; baseline -0.002 -16"><span class='ocrx_word' id='word_1_47' title='bbox 88 727 157 769; x_wconf 82' lang='lat' dir='ltr'><strong>cere</strong></span> <span class='ocrx_word' id='word_1_48' title='bbox 172 713 330 762; x_wconf 84' lang='lat' dir='ltr'><strong>constitnit:</strong></span> <span class='ocrx_word' id='word_1_49' title='bbox 350 717 392 773; x_wconf 90' lang='lat' dir='ltr'><strong>et,</strong></span> <span class='ocrx_word' id='word_1_50' title='bbox 411 725 446 762; x_wconf 90' lang='lat' dir='ltr'><strong>ne</strong></span> <span class='ocrx_word' id='word_1_51' title='bbox 461 713 490 761; x_wconf 91' lang='lat' dir='ltr'><strong>in</strong></span> <span class='ocrx_word' id='word_1_52' title='bbox 501 726 586 778; x_wconf 77' lang='lat' dir='ltr'><strong>oqere</strong></span> <span class='ocrx_word' id='word_1_53' title='bbox 595 710 726 763; x_wconf 80' lang='lat' dir='ltr'><strong>faciundo</strong></span> <span class='ocrx_word' id='word_1_54' title='bbox 738 711 843 762; x_wconf 80' lang='lat' dir='ltr'><strong>milites</strong></span> <span class='ocrx_word' id='word_1_55' title='bbox 854 726 896 761; x_wconf 88' lang='lat' dir='ltr'><strong>re-</strong></span> 
     </span>
     <span class='ocr_line' id='line_1_9' title="bbox 87 780 897 848; baseline 0 -16"><span class='ocrx_word' id='word_1_56' title='bbox 87 783 206 848; x_wconf 82' lang='lat' dir='ltr'><strong>pentino</strong></span> <span class='ocrx_word' id='word_1_57' title='bbox 227 780 350 833; x_wconf 85' lang='lat' dir='ltr'><strong>hostium</strong></span> <span class='ocrx_word' id='word_1_58' title='bbox 365 783 477 832; x_wconf 88' lang='lat' dir='ltr'><strong>incursu</strong></span> <span class='ocrx_word' id='word_1_59' title='bbox 493 787 702 833; x_wconf 74' lang='lat' dir='ltr'><strong>exterrerentur</strong></span> <span class='ocrx_word' id='word_1_60' title='bbox 717 787 800 848; x_wconf 86' lang='lat' dir='ltr'><strong>atque</strong></span> <span class='ocrx_word' id='word_1_61' title='bbox 812 794 897 846; x_wconf 86' lang='lat' dir='ltr'><strong>opere</strong></span> 
     </span>
     <span class='ocr_line' id='line_1_10' title="bbox 88 849 898 918; baseline 0 -16"><span class='ocrx_word' id='word_1_62' title='bbox 88 849 323 918; x_wconf 79' lang='lat' dir='ltr'><strong>prohiberentur,</strong></span> <span class='ocrx_word' id='word_1_63' title='bbox 337 850 411 902; x_wconf 77' lang='lat' dir='ltr'><strong>vello</strong></span> <span class='ocrx_word' id='word_1_64' title='bbox 422 851 522 902; x_wconf 91' lang='lat' dir='ltr'><strong>muniri</strong></span> <span class='ocrx_word' id='word_1_65' title='bbox 535 853 638 914; x_wconf 85' lang='lat' dir='ltr'><strong>vetuit,</strong></span> <span class='ocrx_word' id='word_1_66' title='bbox 649 850 724 918; x_wconf 91' lang='lat' dir='ltr'><strong>quod</strong></span> <span class='ocrx_word' id='word_1_67' title='bbox 734 853 857 902; x_wconf 88' lang='lat' dir='ltr'><strong>eminere</strong></span> <span class='ocrx_word' id='word_1_68' title='bbox 868 857 898 902; x_wconf 81' lang='lat' dir='ltr'><strong>et</strong></span> 
     </span>
    </p>
   </div>
   <div class='ocr_carea' id='block_1_3' title="bbox 88 918 978 987">
    <p class='ocr_par' dir='ltr' id='par_1_3' title="bbox 88 918 978 987">
     <span class='ocr_line' id='line_1_11' title="bbox 88 918 978 987; baseline 0.002 -15"><span class='ocrx_word' id='word_1_69' title='bbox 88 921 190 987; x_wconf 78' lang='lat' dir='ltr'><strong>procul</strong></span> <span class='ocrx_word' id='word_1_70' title='bbox 204 920 293 973; x_wconf 82' lang='lat' dir='ltr'><strong>videri</strong></span> <span class='ocrx_word' id='word_1_71' title='bbox 310 935 424 972; x_wconf 85' lang='lat' dir='ltr'><strong>neeesse</strong></span> <span class='ocrx_word' id='word_1_72' title='bbox 439 928 513 986; x_wconf 81' lang='lat' dir='ltr'><strong>eret3</strong></span> <span class='ocrx_word' id='word_1_73' title='bbox 535 921 586 972; x_wconf 91' lang='lat' dir='ltr'><strong>sed</strong></span> <span class='ocrx_word' id='word_1_74' title='bbox 600 937 616 972; x_wconf 85' lang='lat' dir='ltr'><strong>o</strong></span> <span class='ocrx_word' id='word_1_75' title='bbox 631 921 725 972; x_wconf 84' lang='lat' dir='ltr'><strong>fronte</strong></span> <span class='ocrx_word' id='word_1_76' title='bbox 741 927 840 972; x_wconf 83' lang='lat' dir='ltr'><strong>contro</strong></span> <span class='ocrx_word' id='word_1_77' title='bbox 850 918 898 974; x_wconf 88' lang='lat' dir='ltr'><strong>bu·</strong></span> <span class='ocrx_word' id='word_1_78' title='bbox 974 953 978 958; x_wconf 89' lang='lat'><em>—</em></span> 
     </span>
    </p>
   </div>
   <div class='ocr_carea' id='block_1_4' title="bbox 87 989 949 2814">
    <p class='ocr_par' dir='ltr' id='par_1_4' title="bbox 87 989 899 1338">
     <span class='ocr_line' id='line_1_12' title="bbox 87 989 899 1074; baseline 0 -32"><span class='ocrx_word' id='word_1_79' title='bbox 87 997 160 1042; x_wconf 83' lang='lat' dir='ltr'><strong>stem</strong></span> <span class='ocrx_word' id='word_1_80' title='bbox 174 991 274 1074; x_wconf 83' lang='lat' dir='ltr'><strong>pedum</strong></span> <span class='ocrx_word' id='word_1_81' title='bbox 285 990 440 1074; x_wconf 84' lang='lat' dir='ltr'><strong>quindecim</strong></span> <span class='ocrx_word' id='word_1_82' title='bbox 452 991 556 1043; x_wconf 82' lang='lat' dir='ltr'><strong>fossam</strong></span> <span class='ocrx_word' id='word_1_83' title='bbox 567 992 628 1043; x_wconf 86' lang='lat' dir='ltr'><strong>lieri</strong></span> <span class='ocrx_word' id='word_1_84' title='bbox 640 991 731 1042; x_wconf 87' lang='lat' dir='ltr'><strong>iussit.</strong></span> <span class='ocrx_word' id='word_1_85' title='bbox 763 989 857 1042; x_wconf 81' lang='lat' dir='ltr'><strong>Primo</strong></span> <span class='ocrx_word' id='word_1_86' title='bbox 869 995 899 1042; x_wconf 85' lang='lat' dir='ltr'><strong>et</strong></span> 
     </span>
     <span class='ocr_line' id='line_1_13' title="bbox 88 1061 899 1124; baseline 0 -14"><span class='ocrx_word' id='word_1_87' title='bbox 88 1061 215 1112; x_wconf 82' lang='lat' dir='ltr'><strong>secundo</strong></span> <span class='ocrx_word' id='word_1_88' title='bbox 232 1063 304 1112; x_wconf 86' lang='lat' dir='ltr'><strong>acies</strong></span> <span class='ocrx_word' id='word_1_89' title='bbox 320 1061 348 1110; x_wconf 88' lang='lat' dir='ltr'><strong>in</strong></span> <span class='ocrx_word' id='word_1_90' title='bbox 363 1064 459 1124; x_wconf 81' lang='lat' dir='ltr'><strong>armis,</strong></span> <span class='ocrx_word' id='word_1_91' title='bbox 476 1067 508 1112; x_wconf 91' lang='lat' dir='ltr'><strong>ut</strong></span> <span class='ocrx_word' id='word_1_92' title='bbox 523 1063 557 1112; x_wconf 91' lang='lat' dir='ltr'><strong>ob</strong></span> <span class='ocrx_word' id='word_1_93' title='bbox 572 1062 652 1112; x_wconf 88' lang='lat' dir='ltr'><strong>initio</strong></span> <span class='ocrx_word' id='word_1_94' title='bbox 664 1061 818 1112; x_wconf 82' lang='lat' dir='ltr'><strong>constituta</strong></span> <span class='ocrx_word' id='word_1_95' title='bbox 828 1065 899 1123; x_wconf 88' lang='lat' dir='ltr'><strong>erut,</strong></span> 
     </span>
     <span class='ocr_line' id='line_1_14' title="bbox 89 1128 898 1200; baseline 0.001 -19"><span class='ocrx_word' id='word_1_96' title='bbox 89 1131 285 1196; x_wconf 67' lang='lat' dir='ltr'><strong>permanebam</strong></span> <span class='ocrx_word' id='word_1_97' title='bbox 305 1135 370 1196; x_wconf 84' lang='lat' dir='ltr'><strong>post</strong></span> <span class='ocrx_word' id='word_1_98' title='bbox 385 1128 435 1182; x_wconf 88' lang='lat' dir='ltr'><strong>bos</strong></span> <span class='ocrx_word' id='word_1_99' title='bbox 450 1147 520 1200; x_wconf 82' lang='lat' dir='ltr'><strong>opus</strong></span> <span class='ocrx_word' id='word_1_100' title='bbox 535 1133 564 1183; x_wconf 89' lang='lat' dir='ltr'><strong>iu</strong></span> <span class='ocrx_word' id='word_1_101' title='bbox 580 1131 689 1182; x_wconf 89' lang='lat' dir='ltr'><strong>occulto</strong></span> <span class='ocrx_word' id='word_1_102' title='bbox 706 1131 823 1182; x_wconf 81' lang='lat' dir='ltr'><strong>otertio</strong></span> <span class='ocrx_word' id='word_1_103' title='bbox 838 1132 898 1183; x_wconf 83' lang='lat' dir='ltr'><strong>aeis</strong></span> 
     </span>
     <span class='ocr_line' id='line_1_15' title="bbox 87 1198 899 1268; baseline 0.002 -16"><span class='ocrx_word' id='word_1_104' title='bbox 87 1200 185 1252; x_wconf 81' lang='lat' dir='ltr'><strong>tiebat.</strong></span> <span class='ocrx_word' id='word_1_105' title='bbox 223 1198 270 1251; x_wconf 89' lang='lat' dir='ltr'><strong>Sic</strong></span> <span class='ocrx_word' id='word_1_106' title='bbox 279 1213 361 1250; x_wconf 90' lang='lat' dir='ltr'><strong>omne</strong></span> <span class='ocrx_word' id='word_1_107' title='bbox 372 1201 448 1267; x_wconf 83' lang='lat' dir='ltr'><strong>prius</strong></span> <span class='ocrx_word' id='word_1_108' title='bbox 460 1207 505 1252; x_wconf 87' lang='lat' dir='ltr'><strong>est</strong></span> <span class='ocrx_word' id='word_1_109' title='bbox 516 1200 684 1268; x_wconf 81' lang='lat' dir='ltr'><strong>perfectum,</strong></span> <span class='ocrx_word' id='word_1_110' title='bbox 693 1215 777 1267; x_wconf 88' lang='lat' dir='ltr'><strong>quam</strong></span> <span class='ocrx_word' id='word_1_111' title='bbox 788 1200 899 1254; x_wconf 77' lang='lat' dir='ltr'><strong>intellu-</strong></span> 
     </span>
     <span class='ocr_line' id='line_1_16' title="bbox 88 1269 614 1338; baseline -0.002 -17"><span class='ocrx_word' id='word_1_112' title='bbox 88 1275 207 1338; x_wconf 81' lang='lat' dir='ltr'><strong>geretur</strong></span> <span class='ocrx_word' id='word_1_113' title='bbox 217 1271 251 1321; x_wconf 84' lang='lat' dir='ltr'><strong>ob</strong></span> <span class='ocrx_word' id='word_1_114' title='bbox 260 1269 387 1332; x_wconf 75' lang='lat' dir='ltr'><strong>Afranio,</strong></span> <span class='ocrx_word' id='word_1_115' title='bbox 400 1276 493 1322; x_wconf 83' lang='lat' dir='ltr'><strong>cestra</strong></span> <span class='ocrx_word' id='word_1_116' title='bbox 503 1272 614 1322; x_wconf 87' lang='lat' dir='ltr'><strong>muniri</strong></span> 
     </span>
    </p>

    <p class='ocr_par' dir='ltr' id='par_1_5' title="bbox 88 1337 911 2595">
     <span class='ocr_line' id='line_1_17' title="bbox 142 1337 897 1406; baseline -0.003 -14"><span class='ocrx_word' id='word_1_117' title='bbox 142 1340 229 1392; x_wconf 78' lang='lat' dir='ltr'><strong>xbli.</strong></span> <span class='ocrx_word' id='word_1_118' title='bbox 266 1337 322 1391; x_wconf 84' lang='lat' dir='ltr'><strong>Sub</strong></span> <span class='ocrx_word' id='word_1_119' title='bbox 337 1353 481 1406; x_wconf 82' lang='lat' dir='ltr'><strong>vesperum</strong></span> <span class='ocrx_word' id='word_1_120' title='bbox 499 1343 602 1393; x_wconf 81' lang='lat' dir='ltr'><strong>Caesar</strong></span> <span class='ocrx_word' id='word_1_121' title='bbox 617 1341 692 1391; x_wconf 83' lang='lat' dir='ltr'><strong>intra</strong></span> <span class='ocrx_word' id='word_1_122' title='bbox 706 1338 779 1390; x_wconf 81' lang='lat' dir='ltr'><strong>benc</strong></span> <span class='ocrx_word' id='word_1_123' title='bbox 795 1337 897 1390; x_wconf 81' lang='lat' dir='ltr'><strong>fossam</strong></span> 
     </span>
     <span class='ocr_line' id='line_1_18' title="bbox 88 1408 899 1478; baseline 0 -18"><span class='ocrx_word' id='word_1_124' title='bbox 88 1408 217 1477; x_wconf 81' lang='lat' dir='ltr'><strong>legiones</strong></span> <span class='ocrx_word' id='word_1_125' title='bbox 238 1409 349 1462; x_wconf 82' lang='lat' dir='ltr'><strong>reducit</strong></span> <span class='ocrx_word' id='word_1_126' title='bbox 365 1415 449 1477; x_wconf 77' lang='lat' dir='ltr'><strong>etque</strong></span> <span class='ocrx_word' id='word_1_127' title='bbox 460 1411 498 1462; x_wconf 91' lang='lat' dir='ltr'><strong>ibi</strong></span> <span class='ocrx_word' id='word_1_128' title='bbox 513 1412 564 1462; x_wconf 88' lang='lat' dir='ltr'><strong>sub</strong></span> <span class='ocrx_word' id='word_1_129' title='bbox 579 1413 663 1461; x_wconf 80' lang='lat' dir='ltr'><strong>ermis</strong></span> <span class='ocrx_word' id='word_1_130' title='bbox 679 1410 899 1478; x_wconf 82' lang='lat' dir='ltr'><strong>proximenocte</strong></span> 
     </span>
     <span class='ocr_line' id='line_1_19' title="bbox 90 1479 900 1548; baseline -0.001 -17"><span class='ocrx_word' id='word_1_131' title='bbox 90 1481 297 1548; x_wconf 87' lang='lat' dir='ltr'><strong>conquiescit.</strong></span> <span class='ocrx_word' id='word_1_132' title='bbox 317 1479 435 1530; x_wconf 86' lang='lat' dir='ltr'><strong>Postero</strong></span> <span class='ocrx_word' id='word_1_133' title='bbox 453 1479 499 1531; x_wconf 90' lang='lat' dir='ltr'><strong>die</strong></span> <span class='ocrx_word' id='word_1_134' title='bbox 519 1495 629 1531; x_wconf 90' lang='lat' dir='ltr'><strong>omnem</strong></span> <span class='ocrx_word' id='word_1_135' title='bbox 653 1480 806 1531; x_wconf 83' lang='lat' dir='ltr'><strong>exereitum</strong></span> <span class='ocrx_word' id='word_1_136' title='bbox 826 1480 900 1530; x_wconf 80' lang='lat' dir='ltr'><strong>intre</strong></span> 
     </span>
     <span class='ocr_line' id='line_1_20' title="bbox 90 1547 907 1630; baseline -0.002 -30"><span class='ocrx_word' id='word_1_137' title='bbox 90 1549 196 1600; x_wconf 79' lang='lat' dir='ltr'><strong>fossam</strong></span> <span class='ocrx_word' id='word_1_138' title='bbox 209 1549 335 1600; x_wconf 84' lang='lat' dir='ltr'><strong>eontinet</strong></span> <span class='ocrx_word' id='word_1_139' title='bbox 350 1553 393 1612; x_wconf 90' lang='lat' dir='ltr'><strong>et,</strong></span> <span class='ocrx_word' id='word_1_140' title='bbox 419 1550 494 1616; x_wconf 93' lang='lat' dir='ltr'><strong>quod</strong></span> <span class='ocrx_word' id='word_1_141' title='bbox 510 1549 620 1618; x_wconf 88' lang='lat' dir='ltr'><strong>longius</strong></span> <span class='ocrx_word' id='word_1_142' title='bbox 636 1555 698 1601; x_wconf 89' lang='lat' dir='ltr'><strong>erut</strong></span> <span class='ocrx_word' id='word_1_143' title='bbox 709 1563 795 1630; x_wconf 84' lang='lat' dir='ltr'><strong>ugger</strong></span> <span class='ocrx_word' id='word_1_144' title='bbox 806 1547 907 1615; x_wconf 68' lang='lat' dir='ltr'><strong>peteo-J</strong></span> 
     </span>
     <span class='ocr_line' id='line_1_21' title="bbox 91 1619 900 1686; baseline -0.004 -15"><span class='ocrx_word' id='word_1_145' title='bbox 91 1620 179 1683; x_wconf 86' lang='lat' dir='ltr'><strong>dus,&#39;</strong></span> <span class='ocrx_word' id='word_1_146' title='bbox 171 1635 200 1670; x_wconf 93' lang='grc' dir='ltr'><strong>ιιι</strong></span> <span class='ocrx_word' id='word_1_147' title='bbox 211 1621 370 1686; x_wconf 83' lang='lat' dir='ltr'><strong>praesentio</strong></span> <span class='ocrx_word' id='word_1_148' title='bbox 379 1619 498 1672; x_wconf 83' lang='lat' dir='ltr'><strong>similem</strong></span> <span class='ocrx_word' id='word_1_149' title='bbox 510 1623 650 1672; x_wconf 84' lang='lat' dir='ltr'><strong>rationem</strong></span> <span class='ocrx_word' id='word_1_150' title='bbox 663 1621 756 1686; x_wconf 81' lang='lat' dir='ltr'><strong>operis</strong></span> <span class='ocrx_word' id='word_1_151' title='bbox 767 1619 900 1682; x_wconf 87' lang='lat' dir='ltr'><strong>instituit,</strong></span> 
     </span>
     <span class='ocr_line' id='line_1_22' title="bbox 90 1688 900 1758; baseline -0.001 -17"><span class='ocrx_word' id='word_1_152' title='bbox 90 1689 257 1757; x_wconf 69' lang='lat' dir='ltr'><strong>singulaque</strong></span> <span class='ocrx_word' id='word_1_153' title='bbox 269 1688 361 1740; x_wconf 83' lang='lat' dir='ltr'><strong>lutera</strong></span> <span class='ocrx_word' id='word_1_154' title='bbox 372 1695 526 1742; x_wconf 84' lang='lat' dir='ltr'><strong>castrorum</strong></span> <span class='ocrx_word' id='word_1_155' title='bbox 536 1690 656 1758; x_wconf 84' lang='lat' dir='ltr'><strong>singulis</strong></span> <span class='ocrx_word' id='word_1_156' title='bbox 667 1689 802 1740; x_wconf 67' lang='lat' dir='ltr'><strong>{adtribuit</strong></span> <span class='ocrx_word' id='word_1_157' title='bbox 812 1688 900 1756; x_wconf 87' lang='lat' dir='ltr'><strong>legio·</strong></span> 
     </span>
     <span class='ocr_line' id='line_1_23' title="bbox 90 1757 900 1826; baseline -0.001 -16"><span class='ocrx_word' id='word_1_158' title='bbox 90 1757 480 1826; x_wconf 80' lang='lat' dir='ltr'><strong>nibusmuniendeiossesque</strong></span> <span class='ocrx_word' id='word_1_159' title='bbox 491 1759 526 1810; x_wconf 84' lang='lat' dir='ltr'><strong>ed</strong></span> <span class='ocrx_word' id='word_1_160' title='bbox 538 1759 664 1812; x_wconf 81' lang='lat' dir='ltr'><strong>eumdem</strong></span> <span class='ocrx_word' id='word_1_161' title='bbox 676 1758 900 1826; x_wconf 79' lang='lat' dir='ltr'><strong>magnitudinem</strong></span> 
     </span>
     <span class='ocr_line' id='line_1_24' title="bbox 90 1827 907 1898; baseline 0.004 -17"><span class='ocrx_word' id='word_1_162' title='bbox 90 1827 191 1896; x_wconf 82' lang='lat' dir='ltr'><strong>perlici</strong></span> <span class='ocrx_word' id='word_1_163' title='bbox 211 1829 301 1880; x_wconf 86' lang='lat' dir='ltr'><strong>iubet:</strong></span> <span class='ocrx_word' id='word_1_164' title='bbox 324 1828 447 1895; x_wconf 82' lang='lat' dir='ltr'><strong>reliquas</strong></span> <span class='ocrx_word' id='word_1_165' title='bbox 467 1827 618 1898; x_wconf 87' lang='lat' dir='ltr'><strong>legiones</strong></span> <span class='ocrx_word' id='word_1_166' title='bbox 610 1846 639 1880; x_wconf 93' lang='grc' dir='ltr'><strong>ιιι</strong></span> <span class='ocrx_word' id='word_1_167' title='bbox 655 1830 740 1881; x_wconf 83' lang='lat' dir='ltr'><strong>ermis</strong></span> <span class='ocrx_word' id='word_1_168' title='bbox 755 1829 907 1896; x_wconf 68' lang='lat' dir='ltr'><strong>expeditos</strong></span> 
     </span>
     <span class='ocr_line' id='line_1_25' title="bbox 90 1896 899 1966; baseline 0.002 -18"><span class='ocrx_word' id='word_1_169' title='bbox 90 1904 191 1950; x_wconf 84' lang='lat' dir='ltr'><strong>contra</strong></span> <span class='ocrx_word' id='word_1_170' title='bbox 216 1896 327 1950; x_wconf 88' lang='lat' dir='ltr'><strong>hostem</strong></span> <span class='ocrx_word' id='word_1_171' title='bbox 352 1900 523 1950; x_wconf 83' lang='lat' dir='ltr'><strong>constituit</strong></span> <span class='ocrx_word' id='word_1_172' title='bbox 553 1898 684 1952; x_wconf 77' lang='lat' dir='ltr'><strong>Afranius</strong></span> <span class='ocrx_word' id='word_1_173' title='bbox 705 1898 899 1966; x_wconf 87' lang='lat' dir='ltr'><strong>Petreiusque,</strong></span> 
     </span>
     <span class='ocr_line' id='line_1_26' title="bbox 91 1957 911 2037; baseline 0.005 -19"><span class='ocrx_word' id='word_1_174' title='bbox 91 1957 218 2020; x_wconf 77' lang='lat' dir='ltr'><strong>&#39;terrendi</strong></span> <span class='ocrx_word' id='word_1_175' title='bbox 230 1982 330 2018; x_wconf 82' lang='lat' dir='ltr'><strong>caussa</strong></span> <span class='ocrx_word' id='word_1_176' title='bbox 340 1973 424 2036; x_wconf 85' lang='lat' dir='ltr'><strong>atque</strong></span> <span class='ocrx_word' id='word_1_177' title='bbox 435 1971 527 2034; x_wconf 85' lang='lat' dir='ltr'><strong>operis</strong></span> <span class='ocrx_word' id='word_1_178' title='bbox 537 1969 719 2037; x_wconf 84' lang='lat' dir='ltr'><strong>impediendi,</strong></span> <span class='ocrx_word' id='word_1_179' title='bbox 731 1971 823 2036; x_wconf 82' lang='lat' dir='ltr'><strong>copies</strong></span> <span class='ocrx_word' id='word_1_180' title='bbox 833 1980 898 2021; x_wconf 85' lang='lat' dir='ltr'><strong>suus</strong></span> <span class='ocrx_word' id='word_1_181' title='bbox 908 2017 911 2022; x_wconf 94' lang='grc'><em>,</em></span> 
     </span>
     <span class='ocr_line' id='line_1_27' title="bbox 90 2037 899 2106; baseline 0.004 -18"><span class='ocrx_word' id='word_1_182' title='bbox 90 2037 127 2088; x_wconf 79' lang='lat' dir='ltr'><strong>ud</strong></span> <span class='ocrx_word' id='word_1_183' title='bbox 147 2039 256 2089; x_wconf 85' lang='lat' dir='ltr'><strong>intimas</strong></span> <span class='ocrx_word' id='word_1_184' title='bbox 277 2038 381 2088; x_wconf 88' lang='lat' dir='ltr'><strong>montis</strong></span> <span class='ocrx_word' id='word_1_185' title='bbox 396 2039 504 2090; x_wconf 80' lang='lat' dir='ltr'><strong>radices</strong></span> <span class='ocrx_word' id='word_1_186' title='bbox 521 2040 677 2106; x_wconf 84' lang='lat' dir='ltr'><strong>producunt</strong></span> <span class='ocrx_word' id='word_1_187' title='bbox 693 2045 723 2092; x_wconf 90' lang='lat' dir='ltr'><strong>et</strong></span> <span class='ocrx_word' id='word_1_188' title='bbox 739 2039 846 2105; x_wconf 80' lang='lat' dir='ltr'><strong>proelio</strong></span> <span class='ocrx_word' id='word_1_189' title='bbox 860 2039 899 2091; x_wconf 81' lang='lat' dir='ltr'><strong>la·</strong></span> 
     </span>
     <span class='ocr_line' id='line_1_28' title="bbox 90 2105 899 2177; baseline -0.001 -17"><span class='ocrx_word' id='word_1_190' title='bbox 90 2112 213 2160; x_wconf 81' lang='lat' dir='ltr'><strong>cessunt.</strong></span> <span class='ocrx_word' id='word_1_191' title='bbox 261 2105 357 2173; x_wconf 88' lang='lat' dir='ltr'><strong>Neque</strong></span> <span class='ocrx_word' id='word_1_192' title='bbox 382 2107 486 2160; x_wconf 87' lang='lat' dir='ltr'><strong>idcirco</strong></span> <span class='ocrx_word' id='word_1_193' title='bbox 510 2110 613 2162; x_wconf 74' lang='lat' dir='ltr'><strong>(leesor</strong></span> <span class='ocrx_word' id='word_1_194' title='bbox 637 2124 706 2176; x_wconf 84' lang='lat' dir='ltr'><strong>opus</strong></span> <span class='ocrx_word' id='word_1_195' title='bbox 726 2111 899 2177; x_wconf 80' lang='lat' dir='ltr'><strong>intermittit,</strong></span> 
     </span>
     <span class='ocr_line' id='line_1_29' title="bbox 91 2173 907 2246; baseline 0.004 -19"><span class='ocrx_word' id='word_1_196' title='bbox 91 2177 212 2228; x_wconf 86' lang='lat' dir='ltr'><strong>conlisus</strong></span> <span class='ocrx_word' id='word_1_197' title='bbox 223 2175 367 2244; x_wconf 80' lang='lat' dir='ltr'><strong>praesidio</strong></span> <span class='ocrx_word' id='word_1_198' title='bbox 382 2175 436 2246; x_wconf 90' lang='lat' dir='ltr'><strong>leg</strong></span> <span class='ocrx_word' id='word_1_199' title='bbox 412 2193 523 2230; x_wconf 69' lang='lat' dir='ltr'><strong>osonum</strong></span> <span class='ocrx_word' id='word_1_200' title='bbox 539 2181 625 2230; x_wconf 90' lang='lat' dir='ltr'><strong>trium</strong></span> <span class='ocrx_word' id='word_1_201' title='bbox 637 2185 666 2230; x_wconf 90' lang='lat' dir='ltr'><strong>et</strong></span> <span class='ocrx_word' id='word_1_202' title='bbox 677 2180 831 2231; x_wconf 86' lang='lat' dir='ltr'><strong>munitione</strong></span> <span class='ocrx_word' id='word_1_203' title='bbox 843 2173 899 2230; x_wconf 82' lang='lat' dir='ltr'><strong>sos·</strong></span> <span class='ocrx_word' id='word_1_204' title='bbox 905 2197 907 2202; x_wconf 69' lang='grc'>’</span> 
     </span>
     <span class='ocr_line' id='line_1_30' title="bbox 93 2244 897 2316; baseline 0.004 -19"><span class='ocrx_word' id='word_1_205' title='bbox 93 2259 152 2298; x_wconf 83' lang='lat' dir='ltr'><strong>soe.</strong></span> <span class='ocrx_word' id='word_1_206' title='bbox 187 2245 232 2296; x_wconf 95' lang='lat' dir='ltr'><strong>liii</strong></span> <span class='ocrx_word' id='word_1_207' title='bbox 249 2261 306 2297; x_wconf 92' lang='lat' dir='ltr'><strong>non</strong></span> <span class='ocrx_word' id='word_1_208' title='bbox 322 2244 370 2296; x_wconf 82' lang='lat' dir='ltr'><strong>dur</strong></span> <span class='ocrx_word' id='word_1_209' title='bbox 379 2250 559 2311; x_wconf 76' lang='lat' dir='ltr'><strong>commoratu</strong></span> <span class='ocrx_word' id='word_1_210' title='bbox 570 2265 620 2301; x_wconf 88' lang='lat' dir='ltr'><strong>nec</strong></span> <span class='ocrx_word' id='word_1_211' title='bbox 624 2245 744 2316; x_wconf 83' lang='lat' dir='ltr'><strong>longius</strong></span> <span class='ocrx_word' id='word_1_212' title='bbox 756 2249 790 2298; x_wconf 82' lang='lat' dir='ltr'><strong>ab</strong></span> <span class='ocrx_word' id='word_1_213' title='bbox 802 2249 897 2300; x_wconf 82' lang='lat' dir='ltr'><strong>intimo</strong></span> 
     </span>
     <span class='ocr_line' id='line_1_31' title="bbox 92 2315 908 2388; baseline 0.002 -21"><span class='ocrx_word' id='word_1_214' title='bbox 92 2315 165 2367; x_wconf 89' lang='lat' dir='ltr'><strong>colle</strong></span> <span class='ocrx_word' id='word_1_215' title='bbox 183 2316 340 2383; x_wconf 84' lang='lat' dir='ltr'><strong>progressi,</strong></span> <span class='ocrx_word' id='word_1_216' title='bbox 362 2319 454 2384; x_wconf 80' lang='lat' dir='ltr'><strong>copies</strong></span> <span class='ocrx_word' id='word_1_217' title='bbox 470 2319 497 2370; x_wconf 90' lang='lat' dir='ltr'><strong>in</strong></span> <span class='ocrx_word' id='word_1_218' title='bbox 510 2325 604 2371; x_wconf 80' lang='lat' dir='ltr'><strong>oestro</strong></span> <span class='ocrx_word' id='word_1_219' title='bbox 615 2317 760 2370; x_wconf 87' lang='lat' dir='ltr'><strong>reducunt.</strong></span> <span class='ocrx_word' id='word_1_220' title='bbox 798 2318 908 2388; x_wconf 44' lang='lat' dir='ltr'><strong>&#39;lertio&#39;</strong></span> 
     </span>
     <span class='ocr_line' id='line_1_32' title="bbox 92 2384 898 2454; baseline 0.004 -17"><span class='ocrx_word' id='word_1_221' title='bbox 92 2385 138 2437; x_wconf 89' lang='lat' dir='ltr'><strong>die</strong></span> <span class='ocrx_word' id='word_1_222' title='bbox 149 2385 252 2438; x_wconf 81' lang='lat' dir='ltr'><strong>Caesar</strong></span> <span class='ocrx_word' id='word_1_223' title='bbox 263 2384 337 2436; x_wconf 86' lang='lat' dir='ltr'><strong>valio</strong></span> <span class='ocrx_word' id='word_1_224' title='bbox 349 2393 441 2440; x_wconf 83' lang='lat' dir='ltr'><strong>costra</strong></span> <span class='ocrx_word' id='word_1_225' title='bbox 452 2390 614 2440; x_wconf 89' lang='lat' dir='ltr'><strong>communit.</strong></span> <span class='ocrx_word' id='word_1_226' title='bbox 626 2388 748 2454; x_wconf 78' lang='lat' dir='ltr'><strong>reliquas</strong></span> <span class='ocrx_word' id='word_1_227' title='bbox 760 2386 898 2453; x_wconf 86' lang='lat' dir='ltr'><strong>cobortes,</strong></span> 
     </span>
     <span class='ocr_line' id='line_1_33' title="bbox 94 2455 901 2525; baseline 0.006 -19"><span class='ocrx_word' id='word_1_228' title='bbox 94 2471 165 2524; x_wconf 79' lang='lat' dir='ltr'><strong>quas</strong></span> <span class='ocrx_word' id='word_1_229' title='bbox 180 2455 209 2505; x_wconf 87' lang='lat' dir='ltr'><strong>iu</strong></span> <span class='ocrx_word' id='word_1_230' title='bbox 225 2456 415 2521; x_wconf 85' lang='lat' dir='ltr'><strong>superioribus</strong></span> <span class='ocrx_word' id='word_1_231' title='bbox 426 2461 526 2509; x_wconf 81' lang='lat' dir='ltr'><strong>cestris</strong></span> <span class='ocrx_word' id='word_1_232' title='bbox 538 2458 704 2524; x_wconf 82' lang='lat' dir='ltr'><strong>reliquerat,</strong></span> <span class='ocrx_word' id='word_1_233' title='bbox 719 2457 901 2525; x_wconf 76' lang='lat' dir='ltr'><strong>impedimen·¹</strong></span> 
     </span>
     <span class='ocr_line' id='line_1_34' title="bbox 92 2522 907 2595; baseline 0.002 -17"><span class='ocrx_word' id='word_1_234' title='bbox 92 2531 180 2595; x_wconf 80' lang='lat' dir='ltr'><strong>taque</strong></span> <span class='ocrx_word' id='word_1_235' title='bbox 191 2525 225 2576; x_wconf 81' lang='lat' dir='ltr'><strong>od</strong></span> <span class='ocrx_word' id='word_1_236' title='bbox 237 2539 266 2577; x_wconf 88' lang='lat' dir='ltr'><strong>se</strong></span> <span class='ocrx_word' id='word_1_237' title='bbox 277 2526 422 2579; x_wconf 77' lang='lat' dir='ltr'><strong>transduci</strong></span> <span class='ocrx_word' id='word_1_238' title='bbox 432 2529 518 2579; x_wconf 88' lang='lat' dir='ltr'><strong>rubet</strong></span> <span class='ocrx_word' id='word_1_239' title='bbox 665 2538 667 2544; x_wconf 86' lang='lat'>&#39;</span> <span class='ocrx_word' id='word_1_240' title='bbox 903 2522 907 2530; x_wconf 73' lang='grc'>’</span> 
     </span>
    </p>

    <p class='ocr_par' dir='ltr' id='par_1_6' title="bbox 92 2596 949 2810">
     <span class='ocr_line' id='line_1_35' title="bbox 145 2596 898 2666; baseline 0.007 -19"><span class='ocrx_word' id='word_1_241' title='bbox 145 2596 244 2647; x_wconf 88' lang='lat' dir='ltr'><strong>XLlll.</strong></span> <span class='ocrx_word' id='word_1_242' title='bbox 263 2597 348 2648; x_wconf 82' lang='lat' dir='ltr'><strong>iimt&#39;</strong></span> <span class='ocrx_word' id='word_1_243' title='bbox 341 2602 416 2647; x_wconf 90' lang='lat' dir='ltr'><strong>mter</strong></span> <span class='ocrx_word' id='word_1_244' title='bbox 428 2597 558 2663; x_wconf 84' lang='lat' dir='ltr'><strong>oppidum</strong></span> <span class='ocrx_word' id='word_1_245' title='bbox 569 2596 690 2650; x_wconf 83' lang='lat' dir='ltr'><strong>ilerdam</strong></span> <span class='ocrx_word' id='word_1_246' title='bbox 702 2603 731 2650; x_wconf 88' lang='lat' dir='ltr'><strong>et</strong></span> <span class='ocrx_word' id='word_1_247' title='bbox 741 2600 898 2666; x_wconf 80' lang='lat' dir='ltr'><strong>proximum</strong></span> 
     </span>
     <span class='ocr_line' id='line_1_36' title="bbox 92 2665 912 2748; baseline 0.002 -30"><span class='ocrx_word' id='word_1_248' title='bbox 92 2666 204 2729; x_wconf 81' lang='lat' dir='ltr'><strong>collem,</strong></span> <span class='ocrx_word' id='word_1_249' title='bbox 213 2665 258 2726; x_wconf 90' lang='lat' dir='ltr'><strong>ubi</strong></span> <span class='ocrx_word' id='word_1_250' title='bbox 270 2669 362 2716; x_wconf 82' lang='lat' dir='ltr'><strong>costra</strong></span> <span class='ocrx_word' id='word_1_251' title='bbox 372 2665 500 2718; x_wconf 85' lang='lat' dir='ltr'><strong>Petreius</strong></span> <span class='ocrx_word' id='word_1_252' title='bbox 512 2674 601 2748; x_wconf 83' lang='lat' dir='ltr'><strong>etque</strong></span> <span class='ocrx_word' id='word_1_253' title='bbox 606 2667 736 2721; x_wconf 79' lang='lat' dir='ltr'><strong>Afranius</strong></span> <span class='ocrx_word' id='word_1_254' title='bbox 749 2668 898 2733; x_wconf 78' lang='lat' dir='ltr'><strong>hebebant,</strong></span> <span class='ocrx_word' id='word_1_255' title='bbox 910 2667 912 2672; x_wconf 86' lang='grc'><strong>’</strong></span> 
     </span>
     <span class='ocr_line' id='line_1_37' title="bbox 92 2735 949 2814; baseline 0 -22"><span class='ocrx_word' id='word_1_256' title='bbox 92 2736 224 2792; x_wconf 80' lang='lat' dir='ltr'><strong>olumtres</strong></span> <span class='ocrx_word' id='word_1_257' title='bbox 234 2736 346 2788; x_wconf 73' lang='lat' dir='ltr'><strong>circiter</strong></span> <span class='ocrx_word' id='word_1_258' title='bbox 356 2749 486 2802; x_wconf 80' lang='lat' dir='ltr'><strong>passuum</strong></span> <span class='ocrx_word' id='word_1_259' title='bbox 496 2735 700 2792; x_wconf 75' lang='lat' dir='ltr'><strong>trecentorum</strong></span> <span class='ocrx_word' id='word_1_260' title='bbox 708 2739 835 2814; x_wconf 77' lang='lat' dir='ltr'><strong>atquem</strong></span> <span class='ocrx_word' id='word_1_261' title='bbox 845 2736 909 2794; x_wconf 65' lang='lat' dir='ltr'><strong>hoe,</strong></span> <span class='ocrx_word' id='word_1_262' title='bbox 940 2763 949 2775; x_wconf 37' lang='lat' dir='ltr'><strong>f·</strong></span> 
     </span>
    </p>
   </div>
   <div class='ocr_carea' id='block_1_5' title="bbox 0 0 1088 3134">
    <p class='ocr_par' dir='ltr' id='par_1_7' title="bbox 0 0 1088 3134">
     <span class='ocr_line' id='line_1_38' title="bbox 0 0 1088 3134; baseline 0 0"><span class='ocrx_word' id='word_1_263' title='bbox 0 0 1088 3134; x_wconf 95' lang='lat' dir='ltr'><strong> </strong></span> 
     </span>
    </p>
   </div>
  </div>
 </body>
</html>
