<?xml version="1.0" encoding="UTF-8"?>
<!DOCTYPE html PUBLIC "-//W3C//DTD XHTML 1.0 Transitional//EN"
    "http://www.w3.org/TR/xhtml1/DTD/xhtml1-transitional.dtd">
<html xmlns="http://www.w3.org/1999/xhtml" xml:lang="en" lang="en">
 <head>
  <title>
</title>
<meta http-equiv="Content-Type" content="text/html;charset=utf-8" />
  <meta name='ocr-system' content='tesseract 3.04.00' />
  <meta name='ocr-capabilities' content='ocr_page ocr_carea ocr_par ocr_line ocrx_word'/>
</head>
<body>
  <div class='ocr_page' id='page_1' title='image "./cjuliicaesarisc05caesgoog_0380.png"; bbox 0 0 2152 3144; ppageno 0'>
   <div class='ocr_carea' id='block_1_1' title="bbox 184 111 772 170">
    <p class='ocr_par' dir='ltr' id='par_1_1' title="bbox 184 111 772 170">
     <span class='ocr_line' id='line_1_1' title="bbox 184 111 772 170; baseline 0 -5"><span class='ocrx_word' id='word_1_1' title='bbox 184 111 238 166; x_wconf 80' lang='lat'>37⁰</span> <span class='ocrx_word' id='word_1_2' title='bbox 395 115 451 169; x_wconf 83' lang='lat' dir='ltr'>DE</span> <span class='ocrx_word' id='word_1_3' title='bbox 469 114 613 170; x_wconf 71' lang='lat' dir='ltr'>Baubo</span> <span class='ocrx_word' id='word_1_4' title='bbox 635 113 772 170; x_wconf 82' lang='lat' dir='ltr'>GlVlLl</span> 
     </span>
    </p>
   </div>
   <div class='ocr_carea' id='block_1_2' title="bbox 173 218 1060 1614">
    <p class='ocr_par' dir='ltr' id='par_1_2' title="bbox 173 218 1060 1614">
     <span class='ocr_line' id='line_1_2' title="bbox 182 218 1060 287; baseline 0.003 -17"><span class='ocrx_word' id='word_1_5' title='bbox 182 225 243 270; x_wconf 84' lang='lat' dir='ltr'>tum</span> <span class='ocrx_word' id='word_1_6' title='bbox 254 219 406 272; x_wconf 78' lang='lat' dir='ltr'>milladuo.</span> <span class='ocrx_word' id='word_1_7' title='bbox 442 220 670 272; x_wconf 82' lang='lat' dir='ltr'>Inveteraveraat</span> <span class='ocrx_word' id='word_1_8' title='bbox 684 218 713 270; x_wconf 89' lang='lat' dir='ltr'>hi</span> <span class='ocrx_word' id='word_1_9' title='bbox 728 219 1002 287; x_wconf 78' lang='lat' dir='ltr'>onlnesoompluri·</span> <span class='ocrx_word' id='word_1_10' title='bbox 1059 255 1060 284; x_wconf 48' lang='lat' dir='ltr'>l</span> 
     </span>
     <span class='ocr_line' id='line_1_3' title="bbox 181 285 1060 356; baseline 0.005 -14"><span class='ocrx_word' id='word_1_11' title='bbox 181 290 234 342; x_wconf 86' lang='lat' dir='ltr'>bus</span> <span class='ocrx_word' id='word_1_12' title='bbox 244 289 428 344; x_wconf 79' lang='lat' dir='ltr'>Alexandriae</span> <span class='ocrx_word' id='word_1_13' title='bbox 442 288 537 351; x_wconf 91' lang='lat' dir='ltr'>bellis,</span> <span class='ocrx_word' id='word_1_14' title='bbox 559 288 751 341; x_wconf 82' lang='lat' dir='ltr'><strong>Ptolemaeum</strong></span> <span class='ocrx_word' id='word_1_15' title='bbox 772 297 880 356; x_wconf 85' lang='lat' dir='ltr'>patrem</span> <span class='ocrx_word' id='word_1_16' title='bbox 896 291 929 341; x_wconf 95' lang='lat' dir='ltr'>in</span> <span class='ocrx_word' id='word_1_17' title='bbox 946 306 999 342; x_wconf 86' lang='lat' dir='ltr'>re·</span> <span class='ocrx_word' id='word_1_18' title='bbox 1059 285 1060 346; x_wconf 70' lang='grc' dir='ltr'>Ϊ</span> 
     </span>
     <span class='ocr_line' id='line_1_4' title="bbox 180 358 1060 481; baseline 0.001 -72"><span class='ocrx_word' id='word_1_19' title='bbox 180 375 266 481; x_wconf 55' lang='lat' dir='ltr'>finum</span> <span class='ocrx_word' id='word_1_20' title='bbox 283 360 465 422; x_wconf 86' lang='lat' dir='ltr'>reduxerant,</span> <span class='ocrx_word' id='word_1_21' title='bbox 486 359 579 410; x_wconf 88' lang='lat' dir='ltr'>Bibuli</span> <span class='ocrx_word' id='word_1_22' title='bbox 595 359 670 411; x_wconf 88' lang='lat' dir='ltr'>lilios</span> <span class='ocrx_word' id='word_1_23' title='bbox 684 359 754 410; x_wconf 91' lang='lat' dir='ltr'>duos</span> <span class='ocrx_word' id='word_1_24' title='bbox 770 358 999 424; x_wconf 73' lang='lat' dir='ltr'>interfecerant,</span> <span class='ocrx_word' id='word_1_25' title='bbox 1059 375 1060 402; x_wconf 69' lang='lat' dir='ltr'>l</span> 
     </span>
     <span class='ocr_line' id='line_1_5' title="bbox 200 429 1060 498; baseline 0 -17"><span class='ocrx_word' id='word_1_26' title='bbox 200 430 255 481; x_wconf 89' lang='lat' dir='ltr'>ella</span> <span class='ocrx_word' id='word_1_27' title='bbox 265 445 327 482; x_wconf 90' lang='lat' dir='ltr'>cunn</span> <span class='ocrx_word' id='word_1_28' title='bbox 338 431 484 497; x_wconf 82' lang='lat' dir='ltr'>Aegyptiis</span> <span class='ocrx_word' id='word_1_29' title='bbox 496 435 650 498; x_wconf 86' lang='lat' dir='ltr'>gesserant.</span> <span class='ocrx_word' id='word_1_30' title='bbox 685 429 868 480; x_wconf 83' lang='lat' dir='ltr'>Hunc-usum</span> <span class='ocrx_word' id='word_1_31' title='bbox 882 430 998 481; x_wconf 85' lang='lat' dir='ltr'>rcimi-</span> <span class='ocrx_word' id='word_1_32' title='bbox 1059 477 1060 486; x_wconf 71' lang='grc'>,</span> 
     </span>
     <span class='ocr_line' id='line_1_6' title="bbox 177 499 431 552; baseline 0 0"><span class='ocrx_word' id='word_1_33' title='bbox 177 499 431 552; x_wconf 84' lang='lat' dir='ltr'>litarishabebant.</span> 
     </span>
     <span class='ocr_line' id='line_1_7' title="bbox 187 567 1060 636; baseline 0 -15"><span class='ocrx_word' id='word_1_34' title='bbox 187 611 190 622; x_wconf 79' lang='grc'>,</span> <span class='ocrx_word' id='word_1_35' title='bbox 232 571 302 622; x_wconf 85' lang='lat' dir='ltr'>cxl.</span> <span class='ocrx_word' id='word_1_36' title='bbox 319 571 373 622; x_wconf 90' lang='lat' dir='ltr'>llis</span> <span class='ocrx_word' id='word_1_37' title='bbox 395 570 481 636; x_wconf 87' lang='lat' dir='ltr'>copiis</span> <span class='ocrx_word' id='word_1_38' title='bbox 501 567 591 621; x_wconf 88' lang='lat' dir='ltr'>fidens</span> <span class='ocrx_word' id='word_1_39' title='bbox 606 567 737 631; x_wconf 80' lang='lat' dir='ltr'><strong>Achillas,</strong></span> <span class='ocrx_word' id='word_1_40' title='bbox 759 568 995 636; x_wconf 81' lang='lat' dir='ltr'>paucitatemque</span> <span class='ocrx_word' id='word_1_41' title='bbox 1059 583 1060 636; x_wconf 69' lang='lat' dir='ltr'><strong>j</strong></span> 
     </span>
     <span class='ocr_line' id='line_1_8' title="bbox 178 639 1060 708; baseline -0.005 -16"><span class='ocrx_word' id='word_1_42' title='bbox 178 640 300 692; x_wconf 81' lang='lat' dir='ltr'>militurn</span> <span class='ocrx_word' id='word_1_43' title='bbox 327 639 456 692; x_wconf 79' lang='lat' dir='ltr'>Caesaris</span> <span class='ocrx_word' id='word_1_44' title='bbox 482 639 656 706; x_wconf 87' lang='lat' dir='ltr'>despiciens,</span> <span class='ocrx_word' id='word_1_45' title='bbox 688 639 844 706; x_wconf 91' lang='lat' dir='ltr'>occupabat</span> <span class='ocrx_word' id='word_1_46' title='bbox 864 639 993 690; x_wconf 81' lang='lat' dir='ltr'>Alexan·</span> <span class='ocrx_word' id='word_1_47' title='bbox 1059 705 1060 708; x_wconf 8' lang='grc' dir='ltr'><strong>Ἴ</strong></span> 
     </span>
     <span class='ocr_line' id='line_1_9' title="bbox 178 709 1060 777; baseline -0.005 -15"><span class='ocrx_word' id='word_1_48' title='bbox 178 711 277 773; x_wconf 76' lang='lat' dir='ltr'>daiam,</span> <span class='ocrx_word' id='word_1_49' title='bbox 299 716 411 776; x_wconf 85' lang='lat' dir='ltr'>praeter</span> <span class='ocrx_word' id='word_1_50' title='bbox 433 724 493 760; x_wconf 86' lang='lat' dir='ltr'>eam</span> <span class='ocrx_word' id='word_1_51' title='bbox 516 710 611 777; x_wconf 82' lang='lat' dir='ltr'>oppidi</span> <span class='ocrx_word' id='word_1_52' title='bbox 632 709 994 776; x_wconf 9' lang='lat' dir='ltr'>partcn1¹,quamCaesa1·</span> <span class='ocrx_word' id='word_1_53' title='bbox 1059 709 1060 722; x_wconf 64' lang='lat'>¹</span> 
     </span>
     <span class='ocr_line' id='line_1_10' title="bbox 178 775 1060 846; baseline -0.003 -15"><span class='ocrx_word' id='word_1_54' title='bbox 178 795 241 832; x_wconf 89' lang='lat' dir='ltr'>cum</span> <span class='ocrx_word' id='word_1_55' title='bbox 262 780 396 830; x_wconf 80' lang='lat' dir='ltr'>militibus</span> <span class='ocrx_word' id='word_1_56' title='bbox 418 780 539 842; x_wconf 84' lang='lat' dir='ltr'>tenebat,</span> <span class='ocrx_word' id='word_1_57' title='bbox 560 780 651 846; x_wconf 85' lang='lat' dir='ltr'>primo</span> <span class='ocrx_word' id='word_1_58' title='bbox 672 779 777 844; x_wconf 88' lang='lat' dir='ltr'>impetu</span> <span class='ocrx_word' id='word_1_59' title='bbox 794 779 904 829; x_wconf 86' lang='lat' dir='ltr'>domurn</span> <span class='ocrx_word' id='word_1_60' title='bbox 922 779 991 828; x_wconf 90' lang='lat' dir='ltr'>cius</span> <span class='ocrx_word' id='word_1_61' title='bbox 1059 775 1060 802; x_wconf 60' lang='lat'>³</span> 
     </span>
     <span class='ocr_line' id='line_1_11' title="bbox 177 848 990 915; baseline -0.005 -13"><span class='ocrx_word' id='word_1_62' title='bbox 177 852 334 915; x_wconf 72' lang='lat' dir='ltr'>inrumpere</span> <span class='ocrx_word' id='word_1_63' title='bbox 347 854 474 900; x_wconf 88' lang='lat' dir='ltr'>conatus:</span> <span class='ocrx_word' id='word_1_64' title='bbox 494 849 545 900; x_wconf 88' lang='lat' dir='ltr'>sed</span> <span class='ocrx_word' id='word_1_65' title='bbox 561 849 678 912; x_wconf 83' lang='lat' dir='ltr'>Caesar,</span> <span class='ocrx_word' id='word_1_66' title='bbox 700 849 844 914; x_wconf 82' lang='lat' dir='ltr'>dispositis</span> <span class='ocrx_word' id='word_1_67' title='bbox 863 848 990 914; x_wconf 82' lang='lat' dir='ltr'>pervias</span> 
     </span>
     <span class='ocr_line' id='line_1_12' title="bbox 177 917 989 984; baseline -0.006 -14"><span class='ocrx_word' id='word_1_68' title='bbox 177 917 356 981; x_wconf 82' lang='lat' dir='ltr'>cohortibus,</span> <span class='ocrx_word' id='word_1_69' title='bbox 386 917 521 984; x_wconf 85' lang='lat' dir='ltr'>impetum</span> <span class='ocrx_word' id='word_1_70' title='bbox 543 922 605 970; x_wconf 89' lang='lat' dir='ltr'>eius</span> <span class='ocrx_word' id='word_1_71' title='bbox 625 919 768 970; x_wconf 84' lang='lat' dir='ltr'>sustinuit.</span> <span class='ocrx_word' id='word_1_72' title='bbox 819 917 989 983; x_wconf 78' lang='lat' dir='ltr'>Eodemque</span> 
     </span>
     <span class='ocr_line' id='line_1_13' title="bbox 176 987 1060 1055; baseline -0.003 -16"><span class='ocrx_word' id='word_1_73' title='bbox 176 995 305 1054; x_wconf 87' lang='lat' dir='ltr'>tempore</span> <span class='ocrx_word' id='word_1_74' title='bbox 325 993 478 1055; x_wconf 79' lang='lat' dir='ltr'>pugnatum</span> <span class='ocrx_word' id='word_1_75' title='bbox 500 995 544 1038; x_wconf 88' lang='lat' dir='ltr'>cst</span> <span class='ocrx_word' id='word_1_76' title='bbox 558 987 593 1038; x_wconf 90' lang='lat' dir='ltr'>ad</span> <span class='ocrx_word' id='word_1_77' title='bbox 608 995 734 1054; x_wconf 64' lang='lat' dir='ltr'>portuum</span> <span class='ocrx_word' id='word_1_78' title='bbox 753 1003 787 1038; x_wconf 87' lang='lat' dir='ltr'>ac</span> <span class='ocrx_word' id='word_1_79' title='bbox 800 987 884 1054; x_wconf 85' lang='lat' dir='ltr'>longe</span> <span class='ocrx_word' id='word_1_80' title='bbox 895 987 989 1037; x_wconf 82' lang='lat' dir='ltr'>maxi-</span> <span class='ocrx_word' id='word_1_81' title='bbox 1059 1009 1060 1046; x_wconf 63' lang='lat'>2</span> 
     </span>
     <span class='ocr_line' id='line_1_14' title="bbox 175 1055 1060 1120; baseline -0.006 -10"><span class='ocrx_word' id='word_1_82' title='bbox 175 1073 250 1110; x_wconf 84' lang='lat' dir='ltr'>mam</span> <span class='ocrx_word' id='word_1_83' title='bbox 263 1072 354 1110; x_wconf 87' lang='lat' dir='ltr'>cares</span> <span class='ocrx_word' id='word_1_84' title='bbox 366 1055 696 1111; x_wconf 85' lang='lat' dir='ltr'>adtulitdimicationcm.</span> <span class='ocrx_word' id='word_1_85' title='bbox 732 1056 821 1108; x_wconf 73' lang='lat' dir='ltr'>Simul</span> <span class='ocrx_word' id='word_1_86' title='bbox 837 1056 922 1120; x_wconf 75' lang='lat' dir='ltr'>eninr,</span> <span class='ocrx_word' id='word_1_87' title='bbox 944 1055 988 1106; x_wconf 87' lang='lat' dir='ltr'>di·</span> <span class='ocrx_word' id='word_1_88' title='bbox 1059 1061 1060 1064; x_wconf 76' lang='grc'>’</span> 
     </span>
     <span class='ocr_line' id='line_1_15' title="bbox 177 1126 1060 1195; baseline -0.007 -13"><span class='ocrx_word' id='word_1_89' title='bbox 177 1127 268 1182; x_wconf 81' lang='lat' dir='ltr'>ductis</span> <span class='ocrx_word' id='word_1_90' title='bbox 290 1128 393 1194; x_wconf 89' lang='lat' dir='ltr'>copiis,</span> <span class='ocrx_word' id='word_1_91' title='bbox 414 1126 541 1192; x_wconf 86' lang='lat' dir='ltr'>pluribus</span> <span class='ocrx_word' id='word_1_92' title='bbox 562 1129 613 1178; x_wconf 85' lang='lat' dir='ltr'>viis</span> <span class='ocrx_word' id='word_1_93' title='bbox 633 1129 812 1195; x_wconf 81' lang='lat' dir='ltr'>pugnabatur</span> <span class='ocrx_word' id='word_1_94' title='bbox 832 1132 861 1177; x_wconf 90' lang='lat' dir='ltr'>et</span> <span class='ocrx_word' id='word_1_95' title='bbox 880 1139 988 1192; x_wconf 79' lang='lat' dir='ltr'>magna</span> <span class='ocrx_word' id='word_1_96' title='bbox 1059 1147 1060 1152; x_wconf 46' lang='lat'>¹</span> 
     </span>
     <span class='ocr_line' id='line_1_16' title="bbox 175 1196 1060 1264; baseline -0.007 -15"><span class='ocrx_word' id='word_1_97' title='bbox 175 1197 358 1249; x_wconf 86' lang='lat' dir='ltr'>multitudine</span> <span class='ocrx_word' id='word_1_98' title='bbox 369 1211 453 1247; x_wconf 86' lang='lat' dir='ltr'>naves</span> <span class='ocrx_word' id='word_1_99' title='bbox 465 1196 564 1264; x_wconf 84' lang='lat' dir='ltr'>longas</span> <span class='ocrx_word' id='word_1_100' title='bbox 581 1213 716 1264; x_wconf 85' lang='lat' dir='ltr'>occupare</span> <span class='ocrx_word' id='word_1_101' title='bbox 733 1196 829 1248; x_wconf 85' lang='lat' dir='ltr'>hastos</span> <span class='ocrx_word' id='word_1_102' title='bbox 844 1196 986 1247; x_wconf 86' lang='lat' dir='ltr'>conaban-</span> <span class='ocrx_word' id='word_1_103' title='bbox 1059 1221 1060 1228; x_wconf 61' lang='lat'>.</span> 
     </span>
     <span class='ocr_line' id='line_1_17' title="bbox 174 1263 1060 1336; baseline -0.006 -17"><span class='ocrx_word' id='word_1_104' title='bbox 174 1275 231 1332; x_wconf 89' lang='lat' dir='ltr'>tur,</span> <span class='ocrx_word' id='word_1_105' title='bbox 249 1283 365 1336; x_wconf 82' lang='lat' dir='ltr'>quarum</span> <span class='ocrx_word' id='word_1_106' title='bbox 386 1271 468 1318; x_wconf 87' lang='lat' dir='ltr'>erant</span> <span class='ocrx_word' id='word_1_107' title='bbox 488 1268 689 1335; x_wconf 88' lang='lat' dir='ltr'>quinquaginta</span> <span class='ocrx_word' id='word_1_108' title='bbox 708 1266 815 1318; x_wconf 84' lang='lat' dir='ltr'>auxilio</span> <span class='ocrx_word' id='word_1_109' title='bbox 827 1267 929 1316; x_wconf 83' lang='lat' dir='ltr'>missae</span> <span class='ocrx_word' id='word_1_110' title='bbox 945 1263 984 1315; x_wconf 89' lang='lat' dir='ltr'>ad</span> <span class='ocrx_word' id='word_1_111' title='bbox 1059 1263 1060 1292; x_wconf 68' lang='lat'><em>³</em></span> 
     </span>
     <span class='ocr_line' id='line_1_18' title="bbox 175 1335 983 1405; baseline -0.007 -15"><span class='ocrx_word' id='word_1_112' title='bbox 175 1337 355 1405; x_wconf 87' lang='lat' dir='ltr'>Pompeium,</span> <span class='ocrx_word' id='word_1_113' title='bbox 371 1336 536 1404; x_wconf 89' lang='lat' dir='ltr'>proelioque</span> <span class='ocrx_word' id='word_1_114' title='bbox 556 1338 587 1393; x_wconf 90' lang='lat' dir='ltr'>in</span> <span class='ocrx_word' id='word_1_115' title='bbox 603 1336 750 1389; x_wconf 82' lang='lat' dir='ltr'>Thessalia</span> <span class='ocrx_word' id='word_1_116' title='bbox 771 1335 845 1386; x_wconf 83' lang='lat' dir='ltr'>factu</span> <span class='ocrx_word' id='word_1_117' title='bbox 867 1335 983 1386; x_wconf 86' lang='lat' dir='ltr'>domum</span> 
     </span>
     <span class='ocr_line' id='line_1_19' title="bbox 173 1407 1060 1476; baseline -0.007 -17"><span class='ocrx_word' id='word_1_118' title='bbox 173 1408 328 1459; x_wconf 78' lang='lat' dir='ltr'>redierant.</span> <span class='ocrx_word' id='word_1_119' title='bbox 364 1407 435 1459; x_wconf 92' lang='lat' dir='ltr'>lllae</span> <span class='ocrx_word' id='word_1_120' title='bbox 456 1409 588 1459; x_wconf 88' lang='lat' dir='ltr'>triremes</span> <span class='ocrx_word' id='word_1_121' title='bbox 601 1423 697 1460; x_wconf 86' lang='lat' dir='ltr'>omnes</span> <span class='ocrx_word' id='word_1_122' title='bbox 713 1414 742 1460; x_wconf 91' lang='lat' dir='ltr'>et</span> <span class='ocrx_word' id='word_1_123' title='bbox 756 1407 983 1475; x_wconf 82' lang='lat' dir='ltr'>quinqueremes,</span> <span class='ocrx_word' id='word_1_124' title='bbox 1059 1457 1060 1476; x_wconf 15' lang='grc' dir='ltr'>ἦ</span> 
     </span>
     <span class='ocr_line' id='line_1_20' title="bbox 174 1475 1060 1544; baseline -0.007 -15"><span class='ocrx_word' id='word_1_125' title='bbox 174 1482 256 1544; x_wconf 88' lang='lat' dir='ltr'>aptae</span> <span class='ocrx_word' id='word_1_126' title='bbox 271 1479 483 1544; x_wconf 85' lang='lat' dir='ltr'>instructaeque</span> <span class='ocrx_word' id='word_1_127' title='bbox 499 1478 626 1530; x_wconf 82' lang='lat' dir='ltr'>omnibus</span> <span class='ocrx_word' id='word_1_128' title='bbox 643 1479 725 1530; x_wconf 88' lang='lat' dir='ltr'>rebus</span> <span class='ocrx_word' id='word_1_129' title='bbox 737 1478 771 1528; x_wconf 89' lang='lat' dir='ltr'>ad</span> <span class='ocrx_word' id='word_1_130' title='bbox 783 1475 980 1542; x_wconf 85' lang='lat' dir='ltr'>navigandum.</span> <span class='ocrx_word' id='word_1_131' title='bbox 1059 1489 1060 1492; x_wconf 46' lang='lat'>¹</span> 
     </span>
     <span class='ocr_line' id='line_1_21' title="bbox 173 1544 982 1614; baseline -0.004 -15"><span class='ocrx_word' id='word_1_132' title='bbox 173 1546 291 1599; x_wconf 87' lang='lat' dir='ltr'>Praeter</span> <span class='ocrx_word' id='word_1_133' title='bbox 312 1545 362 1598; x_wconf 87' lang='lat' dir='ltr'>has</span> <span class='ocrx_word' id='word_1_134' title='bbox 383 1547 455 1598; x_wconf 89' lang='lat' dir='ltr'>duae</span> <span class='ocrx_word' id='word_1_135' title='bbox 467 1553 497 1599; x_wconf 84' lang='lat' dir='ltr'>ct</span> <span class='ocrx_word' id='word_1_136' title='bbox 515 1549 623 1614; x_wconf 83' lang='lat' dir='ltr'>viginti,</span> <span class='ocrx_word' id='word_1_137' title='bbox 644 1561 715 1613; x_wconf 88' lang='lat' dir='ltr'>quae</span> <span class='ocrx_word' id='word_1_138' title='bbox 732 1544 864 1614; x_wconf 86' lang='lat' dir='ltr'>praesidii</span> <span class='ocrx_word' id='word_1_139' title='bbox 880 1559 982 1596; x_wconf 82' lang='lat' dir='ltr'>caussa</span> 
     </span>
    </p>
   </div>
   <div class='ocr_carea' id='block_1_3' title="bbox 172 1617 1060 1682">
    <p class='ocr_par' dir='ltr' id='par_1_3' title="bbox 172 1617 1060 1682">
     <span class='ocr_line' id='line_1_22' title="bbox 172 1617 1060 1682; baseline -0.008 -12"><span class='ocrx_word' id='word_1_140' title='bbox 172 1617 358 1670; x_wconf 80' lang='lat' dir='ltr'>Alexandriae</span> <span class='ocrx_word' id='word_1_141' title='bbox 375 1631 436 1668; x_wconf 88' lang='lat' dir='ltr'>esse</span> <span class='ocrx_word' id='word_1_142' title='bbox 454 1622 670 1679; x_wconf 84' lang='lat' dir='ltr'>consueverant,</span> <span class='ocrx_word' id='word_1_143' title='bbox 690 1621 852 1668; x_wconf 87' lang='lat' dir='ltr'>constratae</span> <span class='ocrx_word' id='word_1_144' title='bbox 868 1629 979 1666; x_wconf 78' lang='lat' dir='ltr'>omnes:</span> <span class='ocrx_word' id='word_1_145' title='bbox 1059 1661 1060 1682; x_wconf 20' lang='grc' dir='ltr'>ἢ</span> 
     </span>
    </p>
   </div>
   <div class='ocr_carea' id='block_1_4' title="bbox 134 1687 979 2728">
    <p class='ocr_par' dir='ltr' id='par_1_4' title="bbox 170 1687 979 2378">
     <span class='ocr_line' id='line_1_23' title="bbox 173 1687 979 1752; baseline 0 -18"><span class='ocrx_word' id='word_1_146' title='bbox 173 1700 244 1752; x_wconf 92' lang='lat' dir='ltr'>quas</span> <span class='ocrx_word' id='word_1_147' title='bbox 265 1687 291 1736; x_wconf 87' lang='lat' dir='ltr'>si</span> <span class='ocrx_word' id='word_1_148' title='bbox 312 1687 535 1751; x_wconf 82' lang='lat' dir='ltr'>occupavissent,</span> <span class='ocrx_word' id='word_1_149' title='bbox 557 1687 645 1738; x_wconf 85' lang='lat' dir='ltr'>classe</span> <span class='ocrx_word' id='word_1_150' title='bbox 662 1687 773 1737; x_wconf 84' lang='lat' dir='ltr'>Caesari</span> <span class='ocrx_word' id='word_1_151' title='bbox 790 1690 896 1750; x_wconf 86' lang='lat' dir='ltr'>erepta,</span> <span class='ocrx_word' id='word_1_152' title='bbox 911 1699 979 1750; x_wconf 85' lang='lat' dir='ltr'>por·</span> 
     </span>
     <span class='ocr_line' id='line_1_24' title="bbox 172 1753 979 1822; baseline -0.001 -18"><span class='ocrx_word' id='word_1_153' title='bbox 172 1761 231 1805; x_wconf 84' lang='lat' dir='ltr'>tum</span> <span class='ocrx_word' id='word_1_154' title='bbox 244 1770 277 1805; x_wconf 90' lang='lat' dir='ltr'>ac</span> <span class='ocrx_word' id='word_1_155' title='bbox 287 1768 365 1804; x_wconf 85' lang='lat' dir='ltr'>mare</span> <span class='ocrx_word' id='word_1_156' title='bbox 375 1759 465 1805; x_wconf 87' lang='lat' dir='ltr'>totum</span> <span class='ocrx_word' id='word_1_157' title='bbox 478 1755 505 1804; x_wconf 91' lang='lat' dir='ltr'>in</span> <span class='ocrx_word' id='word_1_158' title='bbox 517 1770 568 1806; x_wconf 89' lang='lat' dir='ltr'>sua</span> <span class='ocrx_word' id='word_1_159' title='bbox 579 1761 717 1822; x_wconf 85' lang='lat' dir='ltr'>potestate</span> <span class='ocrx_word' id='word_1_160' title='bbox 729 1753 880 1815; x_wconf 88' lang='lat' dir='ltr'>haberent,</span> <span class='ocrx_word' id='word_1_161' title='bbox 902 1767 979 1803; x_wconf 86' lang='lat' dir='ltr'>oom-</span> 
     </span>
     <span class='ocr_line' id='line_1_25' title="bbox 171 1822 978 1889; baseline 0 -15"><span class='ocrx_word' id='word_1_162' title='bbox 171 1830 267 1874; x_wconf 85' lang='lat' dir='ltr'>meatu</span> <span class='ocrx_word' id='word_1_163' title='bbox 289 1823 460 1889; x_wconf 82' lang='lat' dir='ltr'>auxiliisque</span> <span class='ocrx_word' id='word_1_164' title='bbox 480 1824 627 1874; x_wconf 83' lang='lat' dir='ltr'>Caesarem</span> <span class='ocrx_word' id='word_1_165' title='bbox 651 1822 838 1889; x_wconf 83' lang='lat' dir='ltr'>prohiberent.</span> <span class='ocrx_word' id='word_1_166' title='bbox 879 1823 978 1888; x_wconf 88' lang='lat' dir='ltr'>ltaque</span> 
     </span>
     <span class='ocr_line' id='line_1_26' title="bbox 171 1890 976 1961; baseline -0.004 -18"><span class='ocrx_word' id='word_1_167' title='bbox 171 1898 253 1944; x_wconf 84' lang='lat' dir='ltr'>tanta</span> <span class='ocrx_word' id='word_1_168' title='bbox 274 1897 318 1943; x_wconf 85' lang='lat' dir='ltr'>est</span> <span class='ocrx_word' id='word_1_169' title='bbox 338 1895 521 1944; x_wconf 87' lang='lat' dir='ltr'>contentione</span> <span class='ocrx_word' id='word_1_170' title='bbox 542 1899 648 1954; x_wconf 86' lang='lat' dir='ltr'>actum,</span> <span class='ocrx_word' id='word_1_171' title='bbox 678 1899 782 1961; x_wconf 85' lang='lat' dir='ltr'>quanta</span> <span class='ocrx_word' id='word_1_172' title='bbox 803 1891 849 1956; x_wconf 80' lang='lat' dir='ltr'>agi</span> <span class='ocrx_word' id='word_1_173' title='bbox 871 1890 976 1955; x_wconf 80' lang='lat' dir='ltr'>debuit,</span> 
     </span>
     <span class='ocr_line' id='line_1_27' title="bbox 173 1961 977 2031; baseline 0.001 -19"><span class='ocrx_word' id='word_1_174' title='bbox 173 1978 258 2031; x_wconf 88' lang='lat' dir='ltr'>quarn</span> <span class='ocrx_word' id='word_1_175' title='bbox 279 1961 323 2014; x_wconf 90' lang='lat' dir='ltr'>illi</span> <span class='ocrx_word' id='word_1_176' title='bbox 344 1961 464 2013; x_wconf 86' lang='lat' dir='ltr'>celerem</span> <span class='ocrx_word' id='word_1_177' title='bbox 480 1964 510 2013; x_wconf 93' lang='lat' dir='ltr'>in</span> <span class='ocrx_word' id='word_1_178' title='bbox 522 1973 561 2014; x_wconf 69' lang='lat' dir='ltr'>‘ea</span> <span class='ocrx_word' id='word_1_179' title='bbox 577 1978 608 2014; x_wconf 86' lang='lat' dir='ltr'>re</span> <span class='ocrx_word' id='word_1_180' title='bbox 623 1964 784 2024; x_wconf 76' lang='lat' dir='ltr'>victoriani,</span> <span class='ocrx_word' id='word_1_181' title='bbox 804 1961 835 2013; x_wconf 87' lang='lat' dir='ltr'>lu&#39;</span> <span class='ocrx_word' id='word_1_182' title='bbox 856 1962 977 2013; x_wconf 83' lang='lat' dir='ltr'>salutem</span> 
     </span>
     <span class='ocr_line' id='line_1_28' title="bbox 171 2031 976 2084; baseline -0.001 0"><span class='ocrx_word' id='word_1_183' title='bbox 171 2047 250 2084; x_wconf 88' lang='lat' dir='ltr'>suam</span> <span class='ocrx_word' id='word_1_184' title='bbox 273 2031 428 2084; x_wconf 88' lang='lat' dir='ltr'>consistere</span> <span class='ocrx_word' id='word_1_185' title='bbox 450 2032 588 2084; x_wconf 85' lang='lat' dir='ltr'>viderent.</span> <span class='ocrx_word' id='word_1_186' title='bbox 625 2031 680 2084; x_wconf 79' lang='lat' dir='ltr'>Sed</span> <span class='ocrx_word' id='word_1_187' title='bbox 697 2049 757 2084; x_wconf 81' lang='lat' dir='ltr'>rens</span> <span class='ocrx_word' id='word_1_188' title='bbox 773 2031 895 2084; x_wconf 84' lang='lat' dir='ltr'>obtinuit</span> <span class='ocrx_word' id='word_1_189' title='bbox 908 2032 976 2084; x_wconf 70' lang='lat' dir='ltr'>(ise-</span> 
     </span>
     <span class='ocr_line' id='line_1_29' title="bbox 172 2103 976 2170; baseline -0.001 -15"><span class='ocrx_word' id='word_1_190' title='bbox 172 2117 232 2166; x_wconf 82' lang='lat' dir='ltr'>sar3</span> <span class='ocrx_word' id='word_1_191' title='bbox 251 2116 403 2168; x_wconf 88' lang='lat' dir='ltr'>omnesque</span> <span class='ocrx_word' id='word_1_192' title='bbox 415 2117 462 2153; x_wconf 90' lang='lat' dir='ltr'>cas</span> <span class='ocrx_word' id='word_1_193' title='bbox 474 2118 560 2154; x_wconf 79' lang='lat' dir='ltr'>naves</span> <span class='ocrx_word' id='word_1_194' title='bbox 571 2108 600 2154; x_wconf 83' lang='lat' dir='ltr'>et</span> <span class='ocrx_word' id='word_1_195' title='bbox 611 2103 753 2170; x_wconf 75' lang='lat' dir='ltr'>reliquas,</span> <span class='ocrx_word' id='word_1_196' title='bbox 769 2117 840 2170; x_wconf 90' lang='lat' dir='ltr'>quae</span> <span class='ocrx_word' id='word_1_197' title='bbox 851 2106 932 2152; x_wconf 84' lang='lat' dir='ltr'>erent</span> <span class='ocrx_word' id='word_1_198' title='bbox 943 2103 976 2154; x_wconf 87' lang='lat' dir='ltr'>in</span> 
     </span>
     <span class='ocr_line' id='line_1_30' title="bbox 171 2171 975 2240; baseline 0.001 -17"><span class='ocrx_word' id='word_1_199' title='bbox 171 2173 325 2235; x_wconf 83' lang='lat' dir='ltr'>navalibus,</span> <span class='ocrx_word' id='word_1_200' title='bbox 345 2171 483 2238; x_wconf 86' lang='lat' dir='ltr'>incendit,</span> <span class='ocrx_word' id='word_1_201' title='bbox 505 2173 647 2240; x_wconf 83' lang='lat' dir='ltr'>quodtam</span> <span class='ocrx_word' id='word_1_202' title='bbox 661 2173 718 2224; x_wconf 87' lang='lat' dir='ltr'>late</span> <span class='ocrx_word' id='word_1_203' title='bbox 735 2175 879 2228; x_wconf 80' lang='lat' dir='ltr'>tueritarn</span> <span class='ocrx_word' id='word_1_204' title='bbox 891 2185 975 2237; x_wconf 73' lang='lat' dir='ltr'>poma</span> 
     </span>
     <span class='ocr_line' id='line_1_31' title="bbox 170 2241 976 2312; baseline 0.001 -18"><span class='ocrx_word' id='word_1_205' title='bbox 170 2258 255 2296; x_wconf 75' lang='lat' dir='ltr'>urrann</span> <span class='ocrx_word' id='word_1_206' title='bbox 267 2258 323 2294; x_wconf 91' lang='lat' dir='ltr'>non</span> <span class='ocrx_word' id='word_1_207' title='bbox 335 2248 455 2308; x_wconf 85' lang='lat' dir='ltr'>poterat,</span> <span class='ocrx_word' id='word_1_208' title='bbox 476 2241 679 2312; x_wconf 84' lang='lat' dir='ltr'>confestimque</span> <span class='ocrx_word' id='word_1_209' title='bbox 690 2243 726 2294; x_wconf 87' lang='lat' dir='ltr'>ad</span> <span class='ocrx_word' id='word_1_210' title='bbox 737 2242 849 2296; x_wconf 87' lang='lat' dir='ltr'>Pharon</span> <span class='ocrx_word' id='word_1_211' title='bbox 861 2243 976 2295; x_wconf 76' lang='lat' dir='ltr'>naribus</span> 
     </span>
     <span class='ocr_line' id='line_1_32' title="bbox 170 2312 428 2378; baseline 0 -14"><span class='ocrx_word' id='word_1_212' title='bbox 170 2312 428 2378; x_wconf 75' lang='lat' dir='ltr'>milites⁴exposnih</span> 
     </span>
    </p>

    <p class='ocr_par' dir='ltr' id='par_1_5' title="bbox 134 2380 974 2728">
     <span class='ocr_line' id='line_1_33' title="bbox 134 2380 974 2452; baseline -0.007 -14"><span class='ocrx_word' id='word_1_213' title='bbox 134 2431 136 2438; x_wconf 94' lang='lat'>.</span> <span class='ocrx_word' id='word_1_214' title='bbox 223 2383 305 2434; x_wconf 81' lang='lat' dir='ltr'>oxu.</span> <span class='ocrx_word' id='word_1_215' title='bbox 321 2380 429 2432; x_wconf 81' lang='lat' dir='ltr'>Pharos</span> <span class='ocrx_word' id='word_1_216' title='bbox 444 2389 488 2435; x_wconf 91' lang='lat' dir='ltr'>est</span> <span class='ocrx_word' id='word_1_217' title='bbox 498 2385 528 2435; x_wconf 93' lang='lat' dir='ltr'>in</span> <span class='ocrx_word' id='word_1_218' title='bbox 542 2384 636 2436; x_wconf 80' lang='lat' dir='ltr'>insula</span> <span class='ocrx_word' id='word_1_219' title='bbox 645 2384 746 2446; x_wconf 79' lang='lat' dir='ltr'>turris,</span> <span class='ocrx_word' id='word_1_220' title='bbox 768 2397 869 2452; x_wconf 82' lang='lat' dir='ltr'>magna</span> <span class='ocrx_word' id='word_1_221' title='bbox 879 2381 974 2432; x_wconf 86' lang='lat' dir='ltr'>altitu-</span> 
     </span>
     <span class='ocr_line' id='line_1_34' title="bbox 169 2450 972 2522; baseline 0 -20"><span class='ocrx_word' id='word_1_222' title='bbox 169 2451 242 2515; x_wconf 90' lang='lat' dir='ltr'>dlne,</span> <span class='ocrx_word' id='word_1_223' title='bbox 254 2450 380 2505; x_wconf 81' lang='lat' dir='ltr'>mirificis</span> <span class='ocrx_word' id='word_1_224' title='bbox 390 2454 522 2519; x_wconf 87' lang='lat' dir='ltr'>operibus</span> <span class='ocrx_word' id='word_1_225' title='bbox 534 2461 685 2514; x_wconf 77' lang='lat' dir='ltr'>exstructa,</span> <span class='ocrx_word' id='word_1_226' title='bbox 695 2469 767 2522; x_wconf 86' lang='lat' dir='ltr'>quae</span> <span class='ocrx_word' id='word_1_227' title='bbox 778 2466 879 2505; x_wconf 82' lang='lat' dir='ltr'>nomen</span> <span class='ocrx_word' id='word_1_228' title='bbox 889 2451 923 2502; x_wconf 83' lang='lat' dir='ltr'>ab</span> <span class='ocrx_word' id='word_1_229' title='bbox 933 2452 972 2502; x_wconf 90' lang='lat' dir='ltr'>in·</span> 
     </span>
     <span class='ocr_line' id='line_1_35' title="bbox 169 2521 972 2586; baseline 0.005 -18"><span class='ocrx_word' id='word_1_230' title='bbox 169 2521 231 2570; x_wconf 90' lang='lat' dir='ltr'>sula</span> <span class='ocrx_word' id='word_1_231' title='bbox 242 2521 356 2584; x_wconf 78' lang='lat' dir='ltr'>accepit.</span> <span class='ocrx_word' id='word_1_232' title='bbox 383 2522 463 2572; x_wconf 83' lang='lat' dir='ltr'>llaec</span> <span class='ocrx_word' id='word_1_233' title='bbox 474 2523 577 2586; x_wconf 84' lang='lat' dir='ltr'>insula,</span> <span class='ocrx_word' id='word_1_234' title='bbox 589 2525 700 2576; x_wconf 76' lang='lat' dir='ltr'>obiecta</span> <span class='ocrx_word' id='word_1_235' title='bbox 709 2523 903 2583; x_wconf 77' lang='lat' dir='ltr'>Alexandriae,</span> <span class='ocrx_word' id='word_1_236' title='bbox 914 2535 972 2586; x_wconf 77' lang='lat' dir='ltr'>por.</span> 
     </span>
     <span class='ocr_line' id='line_1_36' title="bbox 168 2589 971 2661; baseline 0.006 -24"><span class='ocrx_word' id='word_1_237' title='bbox 168 2592 228 2638; x_wconf 87' lang='lat' dir='ltr'>tum</span> <span class='ocrx_word' id='word_1_238' title='bbox 241 2591 338 2640; x_wconf 82' lang='lat' dir='ltr'>allicit:</span> <span class='ocrx_word' id='word_1_239' title='bbox 354 2589 408 2640; x_wconf 88' lang='lat' dir='ltr'>sed</span> <span class='ocrx_word' id='word_1_240' title='bbox 422 2607 439 2642; x_wconf 89' lang='lat' dir='ltr'>a</span> <span class='ocrx_word' id='word_1_241' title='bbox 453 2593 645 2658; x_wconf 83' lang='lat' dir='ltr'>superioribus</span> <span class='ocrx_word' id='word_1_242' title='bbox 657 2593 773 2661; x_wconf 73' lang='lat' dir='ltr'>regibus</span> <span class='ocrx_word' id='word_1_243' title='bbox 780 2595 812 2644; x_wconf 89' lang='lat' dir='ltr'>in</span> <span class='ocrx_word' id='word_1_244' title='bbox 824 2591 971 2658; x_wconf 77' lang='lat' dir='ltr'>longitudi-</span> 
     </span>
     <span class='ocr_line' id='line_1_37' title="bbox 170 2661 970 2728; baseline 0.005 -20"><span class='ocrx_word' id='word_1_245' title='bbox 170 2669 232 2706; x_wconf 76' lang='lat' dir='ltr'>nem</span> <span class='ocrx_word' id='word_1_246' title='bbox 254 2670 384 2719; x_wconf 84' lang='lat' dir='ltr'>passuum</span> <span class='ocrx_word' id='word_1_247' title='bbox 402 2667 610 2728; x_wconf 79' lang='lat' dir='ltr'>nongentorum</span> <span class='ocrx_word' id='word_1_248' title='bbox 619 2664 649 2714; x_wconf 88' lang='lat' dir='ltr'>in</span> <span class='ocrx_word' id='word_1_249' title='bbox 660 2677 737 2716; x_wconf 78' lang='lat' dir='ltr'>marc</span> <span class='ocrx_word' id='word_1_250' title='bbox 752 2665 833 2716; x_wconf 84' lang='lat' dir='ltr'>iactis</span> <span class='ocrx_word' id='word_1_251' title='bbox 844 2661 970 2724; x_wconf 83' lang='lat' dir='ltr'>molibus,</span> 
     </span>
    </p>
   </div>
   <div class='ocr_carea' id='block_1_5' title="bbox 0 0 1080 3144">
    <p class='ocr_par' dir='ltr' id='par_1_6' title="bbox 0 0 1080 3144">
     <span class='ocr_line' id='line_1_38' title="bbox 0 0 1080 3144; baseline 0 5"><span class='ocrx_word' id='word_1_252' title='bbox 0 0 1080 3144; x_wconf 95' lang='lat' dir='ltr'> </span> 
     </span>
    </p>
   </div>
  </div>
 </body>
</html>
