2168 3134
357 151 505 205 LlBllR
524 153 593 206 Vll.
833 151 881 204 itt·

73 260 139 310 dum
162 271 225 308 osse
245 256 435 317 existimabat,
463 257 562 308 rostris
577 257 717 324 praesidio
733 256 881 323 relinquitr

72 328 198 396 quinque
220 326 344 378 ciusdem
361 326 482 394 legionis
500 327 621 393 reliquos
636 327 670 378 de
691 327 784 378 niedia
800 334 880 378 nocte

73 413 136 450 cum
150 396 282 454 orrsuibus,
292 396 501 462 impedimentis
517 396 635 448 udrerso
650 397 764 448 llumine
777 411 879 464 niagno

73 466 198 518 tumultu
210 465 351 532 proficisci
361 466 489 531 imperet.
510 467 657 532 Conquirit
668 467 753 518 etium
765 465 881 520 lintres:

72 535 137 597 bas,
165 550 267 602 magno
278 537 372 586 sonitu
384 551 524 587 remorum
535 536 682 596 incitatus,
712 536 740 586 iu
754 533 881 587 eunsdeut

72 613 183 673 purtem
196 605 291 656 mittit.
328 606 390 670 lpse
406 604 588 672 postponite,
609 605 726 658 silentio
738 620 881 672 egressus,

73 691 136 726 cuns
149 676 241 725 tribus
253 675 413 742 legionibus
429 673 492 726 eum
508 674 600 726 locum
611 675 698 742 petit,
729 689 783 742 quo
795 689 880 724 riores

73 745 181 811 adpelli
193 745 325 796 iusserat.
878 783 880 790 s

129 813 202 866 text.
221 815 262 864 Eo
275 829 358 880 quum
379 819 598 877 esset-rentum,
625 813 820 881 exploratores
833 812 882 863 ho-

75 884 175 946 stium,
192 888 223 932 ut
233 884 309 934 omui
319 881 443 934 tluminis
454 890 533 950 parte
544 891 626 936 esurit
636 885 776 950 dispositi,
793 884 881 950 inopi·

75 957 195 1014 resistes,
225 952 298 1019 quod
314 968 418 1021 magne
427 955 519 1005 subito
536 962 598 1005 erat
612 962 709 1006 coorta
720 959 882 1020 tempestus,

76 1024 113 1074 ab
134 1022 241 1074 nostris
266 1023 474 1088 opprimuntur:
516 1025 658 1076 exercitus
679 1025 882 1090 equitatusque,

78 1091 220 1159 equitibus
233 1091 363 1144 Romanis
373 1092 648 1156 administrantibus,
680 1109 749 1159 quus
760 1094 788 1144 ei
799 1109 881 1161 nego·

77 1162 120 1212 tio
133 1159 323 1228 praefecerat,
355 1161 485 1214 celeriter
500 1163 708 1215 transmittitur.
745 1164 805 1214 Uno
822 1163 882 1216 lere

78 1239 208 1296 tempore
224 1230 380 1286 sublucens
396 1231 524 1285 hostibus
545 1234 708 1293 nunciatur,
737 1234 765 1284 in
782 1233 882 1284 castris

77 1300 271 1353 Romanorum
288 1307 400 1367 praeter
421 1303 653 1355 consuetudinem
674 1301 838 1352 tuumltunri
856 1309 882 1351 et

77 1385 211 1438 magnum
223 1369 266 1420 ire
278 1386 378 1438 agmen
390 1370 507 1424 adverso
520 1371 644 1433 llumine,
657 1371 834 1437 sonitumque
842 1384 882 1424 rer
922 1403 926 1411 ι

78 1454 188 1492 ntorum
201 1440 230 1489 in
242 1439 338 1492 eadem
352 1448 432 1507 parte
444 1440 572 1492 exaudiri
583 1448 613 1492 et
622 1440 717 1506 paullo
728 1440 803 1492 infru
815 1439 882 1489 mili·

77 1517 123 1562 tes
137 1509 254 1560 nuribus
265 1512 462 1575 transportari.
478 1511 586 1575 Quibus
598 1508 883 1575 rebussuditis,quud

78 1577 283 1632 existimabant
304 1579 394 1632 tribus
416 1580 485 1632 locis
506 1581 628 1632 transire
651 1580 779 1647 legiones
802 1587 883 1644 etque·
930 1631 940 1646 ,

79 1665 201 1712 onmes,
222 1650 401 1715 perturbatos
418 1649 576 1702 delectione
586 1649 757 1707 Aeduorum,
790 1647 884 1715 fugem

79 1733 196 1786 perure,
224 1734 291 1770 suas
302 1733 411 1786 quoque
422 1720 516 1786 copies
526 1721 555 1771 in
567 1721 619 1772 tris
630 1727 725 1786 portes
737 1719 884 1770 distribues

78 1793 157 1840 runt.
193 1786 276 1851 n'am,
299 1798 328 1840 et
339 1790 480 1855 praesidio
496 1791 639 1858 eregione
651 1795 806 1844 rostrorum
820 1787 883 1839 reli·

79 1865 136 1922 ctu,
159 1864 188 1910 et
198 1873 282 1924 perra
292 1874 376 1911 uranu
387 1859 576 1912 Metiosedum
588 1875 686 1912 rersus
699 1860 793 1921 missu,
815 1875 883 1926 quur

78 1933 189 1980 tuntum
197 1929 427 1996 progrederetur,
439 1937 571 1998 quantum
579 1947 663 1982 ireres
671 1930 884 1996 processissent,

80 1997 204 2065 reliquus
215 1999 311 2065 copias
323 2007 421 2051 contro
432 2000 585 2052 Labienum
598 2000 748 2053 duxeruut.

14 2075 16 2088 ¹
134 2068 220 2120 llel.
240 2068 334 2124 Prima
355 2068 416 2121 luoe
433 2077 463 2121 et
477 2071 566 2121 nostri
583 2085 680 2122 onsnes
697 2075 778 2120 erunt
794 2075 883 2120 trans-

79 2138 203 2205 portati,
219 2143 248 2190 et
268 2137 392 2191 hostium
414 2140 490 2192 ecies
512 2139 688 2191 cernebatur.
734 2137 885 2194 lsslrionus,

14 2209 15 2212 ’
80 2208 189 2260 milites
204 2205 383 2271 cohortatus,
403 2219 433 2260 ut
448 2224 513 2260 suae
530 2207 667 2275 pristinae
683 2204 793 2264 uirtutis
808 2215 835 2256 et
845 2214 883 2254 tot

79 2275 331 2330 secundissimorum
338 2277 504 2344 proeliorum
515 2276 668 2329 scestoniam
678 2276 834 2337 retinerent,
846 2283 884 2326 nt-

80 2363 133 2413 (μισ
143 2345 230 2414 ipsum
246 2344 398 2410 Caesarem,
420 2347 495 2400 euirss
507 2347 587 2398 ductu
598 2360 786 2412 saepenumero
797 2342 884 2394 lostes

80 2426 264 2486 superessent,
282 2426 451 2486 praesentem
466 2417 556 2468 edesse
567 2415 768 2476 eristimarent,
791 2412 839 2464 dut
849 2413 884 2464 si·

80 2502 168 2556 gnum
181 2488 291 2553 proclii.
319 2487 413 2538 l'rimu
425 2501 562 2538 concursu
575 2487 609 2538 ub
621 2486 720 2536 dextro
732 2497 827 2543 cornu,
839 2482 885 2534 ulii

82 2557 204 2622 septima
216 2557 291 2625 legio
303 2557 480 2619 constiterat,
501 2554 597 2608 hostes
609 2555 752 2622 pelluntur
762 2559 845 2619 utrque
858 2552 885 2602 in

82 2627 179 2693 iugum
192 2627 392 2679 coniiciuntur:
405 2628 439 2678 ob
450 2627 575 2686 sinistro,
587 2639 668 2693 quem
681 2621 771 2674 locum
784 2622 883 2674 duode-

82 2698 157 2747 cima
178 2695 253 2765 legio
276 2698 399 2759 tenebat,
421 2713 503 2764 quum
525 2697 607 2762 primi
630 2693 743 2809 nqqliprs
765 2690 867 2748 luistim
