2180 3140
207 253 259 308 ³110
422 256 476 308 DE
498 253 639 308 BeELLO
659 255 792 311 crvlm

206 362 278 429 quod
286 359 379 422 otiien
394 360 571 429 quodcumqae
580 359 774 428 imperavisset,
785 355 816 412 ιε’
824 356 907 432 aequo
918 359 1013 418 animo

206 448 261 484 erre
276 431 422 502 facturam
441 430 532 498 pridie
549 429 643 482 Nonas
659 433 802 483 lanuarias
819 445 902 484 naves
917 433 1015 498 solvit,

204 502 352 568 impositis,
366 507 492 567 utsupra
504 501 724 552 demonstratum
737 507 789 562 est,
801 500 956 570 legionibus
969 518 1015 553 se-

205 578 290 638 ptem.
327 571 464 622 Postridie
476 575 579 622 terram
591 571 699 638 adtigit.
728 572 928 623 Cerauniorum
941 586 1013 623 saxa

203 640 459 694 interetalialoca
468 641 626 706 periculosa
647 643 769 707 quietam
791 647 889 691 nactus
911 643 1012 692 statio-

205 725 271 762 nem
283 716 313 760 et
324 717 420 778 portus
432 725 529 760 omnes
541 711 656 772 timens,
678 709 751 777 quod
764 711 854 761 teneri
866 712 900 763 ab
912 711 1011 762 adrer-
1070 705 1073 712 ’

205 781 287 830 seriis
309 781 506 840 arbitrabatur,
528 780 563 830 ad
580 795 642 831 euin
659 780 758 842 locum,
780 782 827 848 qui
849 781 1011 847 adpellatur

204 849 346 912 Palaeste,
368 850 494 900 omnibus
516 850 631 900 naribus
653 849 688 900 ad
709 863 793 900 uuam
812 850 1009 913 incolumibus,

206 919 308 970 milites
320 921 455 985 exposuit.
911 939 913 944 ·

259 988 319 1040 Vll.
337 989 408 1039 Erat
424 989 498 1040 Orici
512 987 662 1039 Lucretius
673 987 800 1055 Vespillo
823 994 853 1040 et
867 989 1009 1042 Minucius

204 1056 294 1108 Rufus
315 1072 376 1109 cum
396 1057 525 1109 Asiaticis
547 1058 662 1109 navibus
682 1059 887 1126 duodeviginti,
909 1062 1009 1128 quibus

204 1130 282 1177 iussu
292 1127 327 1178 D.
339 1127 431 1180 Laelii
442 1133 604 1194 praeerant3
622 1127 661 1178 Μ.
672 1127 789 1179 Bibulus
810 1144 872 1181 cum
893 1129 1010 1181 novibus

206 1198 255 1249 CX
266 1197 415 1264 Corcyrae.
451 1196 507 1248 Sed
518 1212 609 1264 neque
620 1197 671 1260 illi,
683 1199 737 1250 sibi
748 1197 857 1262 conlisi,
879 1213 914 1250 cx
925 1209 1010 1265 portu

204 1268 317 1334 prodire
339 1274 407 1318 sunt
421 1267 490 1330 ausi,
512 1283 595 1335 quum
611 1268 713 1319 Caesar
728 1270 839 1320 omnino
863 1269 1010 1321 duodecim

205 1353 292 1390 slaves
314 1337 413 1406 longas
435 1337 577 1404 praesidio
600 1337 733 1401 duxisset,
754 1339 784 1390 in
806 1339 906 1406 quihus
927 1345 1010 1390 erant

205 1413 366 1460 constratae
378 1414 509 1476 quatuor:
529 1421 618 1474 neque
630 1408 759 1473 Bibulus,
780 1409 923 1475 impeditis
934 1414 1008 1459 navi-

204 1479 256 1529 bus
272 1479 460 1546 dispersisque
477 1477 636 1543 remigibus,
658 1479 727 1529 satis
748 1485 857 1530 mature
878 1478 1008 1542 occurrit,

204 1549 280 1616 quod
297 1551 374 1615 prius
390 1548 426 1599 ad
434 1549 628 1600 coutinentem
643 1547 718 1600 visus
730 1554 774 1600 est
786 1549 902 1613 Caesar,
923 1563 1006 1616 quum

202 1619 239 1739 qle
252 1621 312 1670 eius
323 1618 443 1671 adventu
460 1617 536 1669 lama
547 1618 660 1670 omnino
675 1619 704 1668 in
721 1633 769 1669 eas
789 1620 921 1686 regiones
942 1623 1005 1686 per·

217 1694 336 1740 erretur.

259 1757 328 1810 Vlll.
347 1757 491 1824 Expositis
512 1757 666 1819 militibus,
696 1771 781 1808 naves
803 1756 901 1808 cadem
922 1764 1004 1811 nocte

202 1825 382 1878 Brundisium
394 1840 411 1875 a
423 1827 542 1876 Caesare
559 1827 756 1890 remittuntur,
777 1832 810 1878 ut
825 1825 948 1893 reliquae
964 1827 1005 1879 le-

201 1897 506 1966 gioneskequitatusque
517 1897 703 1961 transportari
719 1899 842 1962 possent:
877 1895 953 1946 Huic
963 1898 1005 1948 oi-

201 1968 265 2016 ticio
281 1966 457 2031 praepositus
474 1970 535 2015 crat
546 1965 641 2016 Fufius
657 1966 790 2028 Calenus,
809 1964 934 2033 legatus,
957 1971 1006 2034 qui

201 2034 374 2088 celeritatem
390 2035 419 2084 in
431 2035 655 2101 transportandis
674 2033 832 2103 legionibus
847 2033 1005 2089 adhiberet.

202 2105 259 2158 Sed
274 2105 363 2156 serius
375 2109 480 2156 eterra
494 2110 642 2170 provectae
659 2120 755 2169 naves,
776 2119 866 2172 neque
877 2120 945 2158 usae
957 2120 1005 2157 no-

201 2184 298 2229 cturna
308 2189 386 2236 aura,
397 2176 426 2225 in
436 2174 578 2226 redeundo
591 2173 775 2228 offenderunt.
793 2175 908 2228 Bibulus
920 2177 1004 2240 enim,

202 2249 341 2314 Corcyrae
363 2247 468 2298 certior
489 2244 579 2296 iactus
595 2245 628 2297 de
644 2246 768 2298 adventu
784 2247 920 2310 Caesaris,
941 2260 1003 2313 spe·

200 2333 276 2379 rans,
298 2317 382 2369 alicui
399 2331 429 2367 sc
449 2319 522 2383 parti
542 2321 704 2368 onustarum
723 2317 834 2368 uarium
856 2331 1003 2370 occurrere

200 2402 296 2454 posse.
315 2387 446 2438 inanibus
458 2386 580 2437 occurrit
591 2391 628 2449 et,
645 2391 743 2438 nactus
755 2387 865 2440 circiter
879 2387 1003 2454 triginta,

199 2459 229 2510 in
242 2471 289 2508 eus
300 2455 493 2524 indiligentiae
505 2470 571 2506 suae
583 2471 616 2507 ac
631 2456 735 2508 doloris
750 2456 892 2510 iracundia
902 2457 1002 2523 erupit,

200 2541 352 2595 onruesque
364 2525 500 2588 incendit3
513 2526 665 2593 eodemque
676 2527 740 2594 igne
751 2533 852 2578 nautas
863 2527 1001 2578 dominos-

200 2609 253 2662 que
264 2599 375 2646 narium
385 2594 538 2658 interiecit,
559 2596 750 2662 magnitudine
762 2611 869 2664 poenae
879 2597 1000 2663 reliquos

199 2663 343 2716 deterrere
354 2679 477 2730 sperans.
513 2665 575 2715 lloc
585 2665 713 2718 confecto
725 2667 846 2735 negotio,
862 2666 1000 2718 aSalonis

199 2731 234 2780 sd
245 2732 321 2782 Orici
337 2738 448 2798 portum
458 2735 595 2786 stationes
610 2734 747 2802 litoraque
759 2738 852 2788 omnia
864 2736 948 2804 longe
961 2736 1000 2788 la-

200 2803 284 2850 teuue
300 2801 433 2853 classibus
456 2805 611 2868 occuparit:
634 2805 821 2875 custodiisque
837 2806 999 2876 diligentius
