2152 3144
373 203 603 283 crucam.
841 205 890 258 aar

88 307 162 378 plius
172 306 198 358 ri
221 306 271 358 'ati
286 307 413 360 omnibus
424 311 491 358 suut
506 309 621 376 proeliis
636 308 799 362 desiderati.
837 307 893 363 Sed

87 379 117 430 in
129 383 204 440 caste
226 391 242 428 o
255 375 399 429 nemo-fuit
410 378 522 430 omnino
534 379 666 442 militum,
686 380 753 448 quin
766 377 894 433 vulnera-
964 431 967 438 ,

87 452 181 510 retur3
202 451 378 516 quatuorque
390 461 425 498 ex
435 462 492 498 una
509 447 623 501 cohorte
633 451 818 502 centuriones
831 462 894 500 ocu-

86 515 130 570 los
141 518 303 568 amiserunt.
338 519 383 580 Et,
398 532 481 583 quum
493 517 600 569 ¹laboris
612 521 655 570 sui
668 518 840 586 periculique
852 523 893 569 te*-

88 586 251 637 stimonium
264 585 374 638 adferre
386 587 496 652 vellent,
512 588 589 640 milia
599 590 766 656 sagittarum
778 589 893 638 circiter

87 656 214 723 triginta,
225 657 252 706 in
264 655 409 708 castellum
424 659 556 732 coniecta,
575 659 686 710 Caesari
698 671 893 709 renumerave-

88 731 166 778 runt:
186 731 322 793 scutoque
336 725 372 776 ad
388 741 451 778 eum
473 725 563 780 relato
579 727 698 780 Scaevae
710 724 893 790 centurionis,

86 794 201 846 inventa
212 796 313 846 suntin
325 811 358 846 eo
367 793 507 848 ,foramina
520 797 602 850 CXX.
638 797 726 858 Quem
739 797 850 857 Caesar,
861 799 894 846 ut

88 869 150 915 erat
161 863 195 914 de
206 879 236 914 se
247 866 364 916 meritus
375 870 402 916 et
413 864 447 916 de
458 867 614 932 republica,
634 865 767 919 donatum
779 865 893 920 milibus

88 933 215 986 ducentis
225 931 341 1002 [aeris]‚
360 933 393 984 ab
405 937 511 986 octaris
522 933 665 989 ordinibus
677 935 712 988 ad
724 932 845 1004 primum
853 935 894 1000 pi-

87 1003 145 1055 lum
157 1002 381 1056 setransduccre
400 1007 608 1070 pronunciavit:
628 1008 784 1062 eiusenim
805 1017 894 1072 opera

87 1073 235 1124 castellum
246 1089 346 1142 magna
358 1089 393 1126 ex
404 1081 484 1141 partc
500 1082 693 1128 conservatum
701 1090 770 1129 csse
784 1079 895 1128 consta·

86 1143 147 1195 bat:
158 1141 355 1212 cohortemque
366 1151 464 1210 postca
474 1145 574 1212 duplici
584 1146 731 1214 stipendio,
742 1141 893 1206 frumento,

85 1219 164 1268 reste
178 1217 206 1264 et
217 1213 279 1264 aliis
289 1215 457 1267 militaribus
470 1214 550 1267 donis
561 1217 733 1283 amplissime
745 1213 867 1280 donavit.

139 1279 213 1336 LlV.
232 1281 390 1350 Pompeius,
402 1291 486 1335 noctu
498 1287 605 1353 magnis
618 1284 720 1338 additis
733 1283 895 1337 munitioni·

85 1353 153 1415 bus,
175 1352 288 1420 reliquis
305 1353 401 1405 diebus
413 1359 506 1405 turres
518 1352 657 1406 exstruxit
669 1360 710 1417 et,
729 1356 759 1405 in
772 1352 895 1410 altitudi-

87 1420 263 1488 nempedum
276 1423 432 1489 quindecim
444 1423 553 1475 effectis
566 1426 710 1492 operibus,
731 1425 895 1477 vinciacum

86 1495 194 1560 partem
206 1496 362 1544 castrorum
384 1493 506 1556 obtexit3
525 1499 563 1556 et,
584 1495 703 1562 quinque
721 1492 894 1576 iute'rmissis

88 1562 196 1624 diebus,
218 1562 335 1614 alteram
348 1567 459 1614 noctem
469 1563 644 1615 subnubilam
656 1565 763 1626 nactus,
774 1563 895 1614 'obstru-

86 1633 140 1684 ctis
160 1632 287 1684 omnibus
307 1640 464 1685 castrorum
484 1635 573 1700 portis
586 1639 614 1686 et
630 1632 665 1685 ad
681 1632 895 1700 impediendum

87 1703 212 1765 obiectis,
229 1704 317 1755 tertia
327 1703 397 1754 inita
408 1704 519 1771 vigilia,
537 1703 649 1756 silentio
661 1700 894 1757 exercitumedu·

86 1772 128 1824 xit
140 1778 169 1823 ct
179 1787 210 1824 sc
219 1773 249 1823 in
262 1775 390 1841 antiquas
401 1774 571 1826 munitiones
582 1775 698 1841 recepit.

138 1841 197 1895 LV.
225 1843 344 1908 Aetolia,
365 1845 529 1908 hcarnania,
550 1842 738 1910 Amphilochis
759 1857 809 1910 per
829 1842 895 1910 Cas·

86 1910 160 1964 sium
180 1914 339 1981 Longinum
360 1919 389 1966 et
399 1914 548 1966 Calvisium
565 1913 710 1977 Sabinum,
730 1920 763 1965 ut
782 1912 894 1988 denien-

85 1983 243 2047 stravimus,
255 1987 384 2051 receptis,
395 1985 557 2036 tentandam
569 1985 622 2036 sibi
634 1983 767 2036 Achaiam
774 1998 806 2034 ac
814 1981 894 2049 paul-

85 2049 113 2104 lo
124 2051 237 2122 longius
253 2054 493 2122 progrediendum·
501 2055 679 2107 existimabat
691 2055 802 2106 Caesar.
839 2053 893 2102 lta·

86 2135 140 2188 que
151 2137 185 2174 eo
197 2125 306 2176 Fufium
320 2124 450 2175 Calenum
463 2125 538 2176 misit
557 2130 587 2175 et
598 2125 631 2187 Q.
643 2123 776 2175 Sabinum
789 2127 820 2173 ct
829 2122 894 2171 Cns-

86 2191 158 2241 sium
170 2207 231 2245 cum
243 2191 405 2245 cohortibus
414 2194 547 2262 adiungit.
585 2193 710 2256 Quorum
716 2193 835 2259 cognito
846 2189 893 2240 ad·

86 2263 182 2324 ventu,
194 2262 317 2314 Rutilius
328 2263 432 2331 Lupus,
454 2265 502 2329 qui
514 2259 655 2325 Achaiam,
671 2262 802 2314 missusa
813 2259 892 2316 Pomf

86 2330 160 2398 peio,
180 2331 488 2394 obtinebat,.lsthmum
510 2331 686 2399 praemunire
708 2331 840 2394 instituit,
861 2337 893 2387 ut

86 2398 192 2453 Achaia
199 2401 311 2454 Fufium
323 2400 494 2469 prohiberet.
530 2400 648 2452 Calenus
665 2397 804 2470 Delpl'rps„
819 2400 893 2454 'l'hev

88 2470 137 2522 has
149 2478 178 2523 et
189 2471 393 2524 Orchomenum
403 2471 550 2522 voluntate
561 2473 682 2538 ipsarum
695 2469 839 2522 ciuitatum
850 2487 892 2524 re·

87 2543 170 2606 cepit,
191 2539 338 2593 nonnullas
351 2541 434 2594 urbes
444 2556 494 2610 per
505 2541 559 2590 viin
572 2541 757 2610 expugnarit„
769 2540 893 2607 reliquas,

87 2610 227 2676 civitates,
247 2612 442 2664 circummissis
463 2611 663 2680 legationibus,
685 2612 811 2664 amicitia.
827 2611 894 2662 Cae·

85 2681 141 2730 sari
154 2681 302 2735 conciliare
313 2681 451 2736 studebat.
488 2683 520 2735 ln
532 2679 575 2733 his
589 2683 674 2736 rebus
688 2681 753 2736 lere,
766 2685 828 2740 erat
838 2679 892 2736 ru-

85 2749 138 2805 tius
150 2763 309 2820 occupatus.
706 2805 709 2815 Δ
789 2751 791 2758 ’

118 2824 272 2878 lomense.
658 2823 683 2877 1
799 2888 807 2908 ,
