2156 3134
212 175 262 230 lb2
398 173 456 226 DE
473 173 613 227 BELLO
633 172 814 228 GALLlco

212 277 408 348 ducendosque
422 278 458 329 ad
474 293 539 330 suos
556 283 677 341 curaret,
698 293 770 346 quas
786 278 885 346 auique
905 277 1016 330 civitati

209 364 275 416 pars
287 355 441 399 castrorum
453 346 486 398 ab
499 349 579 399 initio
591 349 752 399 obvenerat.

262 417 362 476 XXIX.
381 417 498 467 Postero
511 416 555 467 die
568 417 685 468 aouessio
702 424 866 479 convocato,
888 417 1014 468 consolo-

211 483 483 552 tus'cohortatusque
496 492 592 548 est,·ne
603 503 630 536 se
641 486 781 538 admodum
791 486 879 538 animo
891 486 1013 538 dernitte·

210 565 284 618 reat,
306 572 370 608 neae
387 555 617 622 perturbarentur
637 555 819 623 incommodo:¹
834 573 887 608 non
901 554 1013 618 uirtute,
1059 615 1060 618 Ἴ

210 641 294 692 neque
305 625 334 677 iu
346 625 404 676 acie
414 625 507 677 uicisse
518 623 661 687 Romanos,
677 626 724 676 sed
732 625 851 694 artifieio
861 625 975 692 quodam
986 634 1014 676 et
1059 639 1060 642 ’

211 695 325 750 seientia
337 694 559 762 oppugnationis,
581 694 658 747 ouius
669 694 710 746 rei
719 694 832 766 fuerint
840 693 894 761 ipsi
904 693 1013 761 irnperi-

212 767 250 819 ti:
268 781 375 827 erran,
398 763 422 814 si
433 763 479 830 qui
489 764 517 815 in
529 765 595 816 bello
607 764 691 816 omnis
705 765 831 816 secundos
846 780 937 814 reram
948 779 1013 830 pro·

151 847 155 854 “
211 842 305 888 ventus
316 842 481 900 exspectent.-
499 833 551 884 sibi
561 849 703 900 naresquaru
710 833 855 901 placuisse,
867 831 1013 884 Avaricum

212 903 330 975 defendi,
340 902 415 954 errius
426 902 467 954 rei
479 912 556 953 testes
568 904 639 970 ipsos
651 903 775 960 haberem·
795 903 956 974 serlfaclum
965 901 1014 952 im-

207 971 359 1044 prudentia
373 970 532 1041 Biturigum
552 982 580 1024 et
600 971 684 1025 nimia
706 973 877 1039 obsequentia
899 970 1014 1039 reliquo-

212 1058 287 1103 rum,
308 1041 351 1092 uli
372 1040 419 1092 boe
434 1042 625 1093 incommodam
639 1042 823 1110 acciperetur:
841 1043 872 1094 il
885 1051 973 1092 tamen
988 1057 1016 1091 se

212 1109 338 1166 celeriter
348 1111 494 1162 rarioribus
506 1111 646 1164 cornsrsodis
658 1121 825 1164 sanaturum.
848 1111 926 1174 Num,
947 1127 1019 1178 qaue·
1062 1104 1063 1174 l

172 1241 175 1246 ¹
213 1182 247 1234 ab
258 1179 370 1248 reliquis
384 1180 471 1234 Gallis
487 1181 611 1234 ciuitates
626 1181 813 1244 dissentirent,
835 1179 883 1232 bas
894 1196 943 1232 sua
955 1179 1015 1231 dili·
1062 1185 1063 1202 ¹

212 1251 308 1322 gentis
319 1250 508 1304 adireuoturum
519 1260 600 1320 atque
611 1268 691 1304 anum
703 1250 841 1303 eonsilium
853 1251 936 1302 totius
951 1251 1015 1302 Gal·
1062 1265 1063 1300 3

213 1321 267 1383 liae
279 1318 449 1389 effecturum,
461 1321 537 1374 errius
548 1338 676 1374 consensu
687 1337 719 1373 ne
730 1319 801 1372 orbis
812 1320 916 1389 quidem
927 1329 1015 1371 terra·

214 1407 274 1444 rum
286 1389 374 1458 possit
385 1389 526 1443 obsistere:
543 1390 621 1459 idque
632 1409 659 1443 se
666 1407 754 1459 prope
764 1389 819 1442 iarn
830 1389 959 1458 effectuae
969 1387 1018 1438 ba·

213 1461 283 1513 bere.
320 1459 428 1512 Interea
450 1477 562 1530 nequeam
578 1478 646 1524 esse,
667 1461 700 1512 ab
716 1459 751 1512 iis
767 1460 908 1512 cornarani·
919 1457 1016 1510 salutis

181 1573 183 1577 ,
214 1524 311 1583 iniussa
321 1529 477 1598 impetrari,
500 1540 531 1582 ut
542 1541 633 1582 eastra
644 1529 747 1582 munire
756 1529 943 1591 instituerent,
965 1544 1017 1595 aaa

210 1599 326 1674 facilius
337 1597 491 1667 repentinas
502 1598 616 1652 bestium
626 1599 742 1666 impetus
753 1599 886 1650 srestiuere
897 1607 1017 1665 possent.

266 1670 355 1720 XXX.
374 1669 439 1720 Fuit
451 1668 519 1720 haec
531 1671 620 1720 oratio
631 1685 686 1718 non
697 1668 811 1734 ingrata
821 1668 919 1730 Gallis,
930 1669 1017 1717 moxi-

213 1754 258 1790 me
265 1775 273 1800 ‚
296 1738 368 1806 quod
380 1740 439 1804 ipse
451 1739 543 1788 ausimo
556 1753 610 1788 uon
628 1737 784 1798 defecerat,
806 1743 884 1787 tanto
901 1742 1017 1803 accepto

212 1806 404 1868 incommodo,
420 1822 511 1873 neque.
523 1822 553 1857 se
564 1805 594 1856 iu
607 1806 743 1856 occultum
755 1806 902 1857 abdiderat
912 1811 942 1857 et
951 1820 1017 1856 con-

213 1881 338 1940 spectum
350 1875 540 1926 multitudiuis
551 1875 677 1942 fugerat:
688 1873 805 1943 plusque
819 1875 912 1927 nnisuo
924 1877 1017 1942 provi-

164 2003 165 2014 γ
213 1945 281 1995 dere
294 1951 323 1994 et
334 1945 511 2011 praesentire
524 1944 746 2008 existimabatur,
758 1949 840 2016 quod,
852 1961 883 1996 re
895 1946 1016 2012 integra,

210 2015 301 2082 primo
326 2013 531 2064 incendendum
551 2014 710 2073 Avaricum,
741 2020 804 2081 post
830 2015 1016 2084 deserendum

213 2088 371 2134 censuerat.
407 2083 515 2150 ltaque,
532 2089 563 2134 ut
575 2083 745 2150 reliquorum
756 2085 956 2151 imperatorum
968 2100 1016 2136 res

212 2152 347 2204 adversae
359 2155 556 2204 auctoritatem
569 2153 705 2217 minuunt,
716 2154 757 2204 sic
768 2151 849 2205 huius
862 2169 897 2204 ex
909 2160 1016 2206 eontra·

211 2223 256 2273 rio
268 2223 400 2290 dignitas,
411 2222 588 2273 incommodo
600 2229 723 2290 accepto,
734 2224 764 2273 in
776 2224 836 2275 dies
848 2225 1014 2291 augebatur:

213 2291 296 2343 simul
314 2293 342 2342 in
359 2307 437 2358 spem
454 2293 606 2344 veniebant
621 2293 680 2344 eius
697 2294 892 2346 adfirmatione
905 2295 939 2347 de
950 2295 1015 2346 reli-

212 2362 275 2430 quis
287 2361 474 2429 adiungendis
486 2362 661 2426 civitatibus,
677 2365 856 2432 primumque,
864 2379 897 2415 so
909 2371 1015 2432 tempo·

212 2444 244 2481 re
257 2430 333 2482 Galli
344 2435 437 2482 eastra
448 2431 556 2482 munire
568 2433 766 2496 instituerunt,
788 2441 817 2485 et
828 2434 868 2484 sic
879 2439 946 2485 sunt
956 2435 1017 2485 oni·

212 2514 258 2550 mo
270 2502 457 2563 consternati,
478 2500 605 2552 homines
617 2503 722 2555 insueti
733 2503 849 2565 laboris,
870 2509 901 2555 ut
912 2505 1023 2568 omnia,

213 2584 284 2637 quae
295 2571 511 2637 insperarentur,
528 2572 583 2623 sibi
593 2572 727 2642 patiendo
738 2579 767 2627 st
776 2573 946 2640 perferenda
957 2574 1016 2626 oxi·

214 2639 366 2690 stiararent.

264 2707 366 2761 xxxi.
385 2709 444 2761 Nec
454 2710 562 2774 urinas,
582 2726 663 2780 quarn
676 2719 720 2764 est
730 2711 883 2782 pollicitus,
898 2711 1016 2768 Vsraiu·
