2152 3132
902 2 1074 9 ——q

389 140 540 201 urben
575 139 625 204 Vl.
862 145 911 202 ild

103 251 250 306 murenis
260 249 402 316 ceciderit,
421 257 452 304 st
465 254 590 322 reliquos
604 251 709 306 unsri
729 260 811 318 posse
825 249 911 306 eonii·

102 323 189 376 duntz
206 323 269 384 elii,
288 327 320 372 ut
329 324 357 373 in
368 323 433 390 iugo
449 325 605 375 consistant
619 329 704 391 etque
713 321 841 374 eurndenr
855 335 912 375 unt·

103 408 154 445 nes
165 391 260 444 ierant
270 401 374 442 mouns.
409 389 471 443 iloc
480 396 590 445 veteres
601 405 655 445 non
667 393 788 460 probent
798 391 910 456 milites,

102 474 174 530 queis
184 463 234 514 sub
245 461 346 513 vexillo
357 476 412 512 una
423 461 565 528 proiectos
575 462 726 514 docuimus.
763 459 859 530 itaque
869 463 910 512 in·

103 539 189 584 tcrse
199 529 352 592 cohortati,
371 530 440 583 duce
457 532 485 582 C.
496 533 651 595 Trebonio,
671 529 764 601 equite
777 531 910 596 dirotano,

103 601 151 670 qui
163 601 203 652 eis
213 605 276 652 crat
290 602 480 666 praepositus,
500 616 551 668 per
565 601 672 656 medios
682 599 777 654 hostes
788 615 910 668 perrum-

102 676 174 739 punt
188 670 396 737 incolumesque
411 669 446 721 ed
462 684 546 722 unuin
562 684 659 722 urrrnes
670 671 697 723 ln
710 678 801 722 cestre
816 683 910 738 porre-

103 742 194 791 niunt.
229 739 291 791 llos
303 741 442 791 subsecuti
453 737 565 806 colunes
579 742 743 810 equitesque
753 741 850 792 codem
861 742 910 791 irn-

104 805 172 880 pet'u
187 810 308 860 militurn
320 810 427 861 virtute
441 813 597 862 serrantur.
631 813 668 863 sit
682 811 716 873 il,
737 812 784 879 qui
801 812 828 860 in
844 812 911 877 iugc

103 880 302 942 constiterant,
322 879 399 932 nullo
415 881 498 932 etiem
515 895 588 933 nunc
599 897 650 932 usu
661 881 839 933 rcinrilitnris
850 895 910 947 per·

104 956 197 1024 copul,
214 962 304 1018 neque
314 949 342 1000 in
355 963 406 1013 co,
425 949 498 1018 quod
509 951 704 1017 probaverant,
724 951 838 1002 consilio
850 965 911 1018 prr·

102 1023 239 1081 madere,
254 1025 288 1070 ut
305 1032 336 1073 se
355 1017 417 1070 loco
437 1035 469 1073 su
491 1020 581 1073 criure
601 1019 798 1083 defenderent,
821 1035 910 1088 neque

104 1091 181 1150 eser,
201 1100 284 1158 quern
296 1087 436 1172 prebuisse
448 1035 510 1142 edis
523 1093 579 1142 rint
593 1089 818 1159 celcriintemque
833 1089 909 1142 ride·

105 1159 178 1220 terit,
200 1159 303 1209 innitere
325 1163 490 1225 potuerunt3
508 1160 567 1223 sed,
585 1175 616 1212 se
631 1161 661 1212 in
677 1165 770 1214 cestro
785 1161 910 1227 recipere

104 1227 209 1290 cunuti,
224 1229 349 1296 iniquum
359 1227 386 1280 in
399 1228 490 1280 lucum
501 1229 679 1282 demiserunt
716 1229 909 1294 Centuriones,

104 1305 224 1366 quorum
241 1293 369 1348 nubriulii
385 1311 421 1349 ex
435 1299 615 1351 inferioribus
633 1299 777 1352 ordinibus
792 1297 910 1366 reliquo·

105 1375 167 1418 runi
178 1365 319 1435 legionum
330 1365 442 1418 uirtutis
452 1377 552 1420 caussa
562 1372 590 1420 in
604 1371 763 1437 superiores
773 1375 855 1420 erunt
866 1382 908 1420 or·

104 1435 187 1488 dines
201 1435 283 1488 buius
299 1435 418 1506 legionis
433 1438 604 1498 transducti,
622 1453 659 1490 ne
670 1441 734 1490 ente
749 1444 857 1504 portum
869 1437 909 1490 rei

104 1507 236 1558 inilitaris
255 1507 366 1558 laudern
387 1509 562 1571 emitterent,
582 1507 735 1560 fortissime
754 1512 910 1574 pugnantur

104 1577 294 1629 conciderunt.
331 1575 453 1628 Militum
466 1592 539 1643 pers,
551 1577 649 1630 horunc
660 1579 763 1629 virtute
773 1575 909 1629 submotis

105 1643 243 1709 hostibus,
262 1653 460 1714 practerspem
472 1647 616 1716 incolumis
627 1648 656 1699 in
668 1653 759 1700 cestra
770 1646 909 1715 pervenite

104 1719 170 1786 pers
181 1715 334 1768 nbmberis
344 1718 531 1772 circumuenta
543 1717 634 1786 periit.

107 1797 111 1804 ·
156 1777 557 1854 x1‚r.uernan,uespnata
577 1787 785 1856 expugnatione
806 1791 909 1840 cestro·

103 1861 179 1918 iuni,
196 1855 270 1923 quod
290 1861 405 1908 nostros
421 1857 476 1908 iem
492 1858 650 1909 constitisse
665 1857 693 1907 in
709 1856 910 1908 munitionibul

54 1933 62 1944 ¹
95 1923 243 1987 ridebant,
254 1939 317 1978 curn
326 1941 360 1978 ee
370 1926 482 1993 praedo,
497 1941 579 1995 quum
590 1929 618 1978 in
629 1927 704 1978 silvis
715 1927 909 1994 deposuerant,

103 2001 184 2046 cans
195 1991 321 2047 ilhenum
331 2009 393 2046 sese
404 2003 577 2063 receperunt
605 1998 642 2050 Ac
653 2001 748 2049 teritus
761 1995 813 2049 luit
824 1997 909 2049 ctinrn

103 2068 170 2187 qest
178 2061 330 2116 discessum
339 2062 463 2117 hostium
472 2071 574 2128 terror,
586 2071 617 2118 ut
627 2081 661 2120 ee
670 2071 765 2130 noete,
783 2081 866 2134 quum
879 2065 909 2117 C.

132 2133 266 2186 olusenus
279 2135 378 2186 missus
398 2146 459 2186 cum
480 2136 656 2205 equitarunt
670 2141 762 2188 cestre
777 2137 909 2198 verdsset,

103 2201 190 2255 iidem
209 2219 266 2257 non
285 2204 399 2267 iaceret,
418 2203 518 2257 edesse
535 2221 597 2257 curn
612 2205 745 2258 incolumi
760 2207 907 2257 censerent

104 2274 239 2326 exercitu.
275 2272 453 2326 Siconrnium
469 2275 577 2326 animos
592 2277 677 2327 timor
691 2285 908 2343 praeoccupare·

105 2350 163 2414 rat,
170 2349 211 2406 ut,
222 2359 309 2410 paene
317 2344 437 2397 nlienutn
448 2352 550 2408 nrcntc,
565 2343 666 2398 deletis
677 2343 803 2396 ominibus
814 2341 908 2409 copiis,

104 2411 260 2480 equitatum
270 2420 379 2465 teritum
391 2431 421 2466 se
432 2429 467 2467 cx
477 2405 546 2483 iuga
553 2415 701 2482 recepisse,
717 2413 852 2475 dicerent,
863 2425 909 2464 ne·

105 2489 168 2552 que,
179 2483 309 2535 incolumi
321 2485 454 2547 cxcrcliu,
470 2484 627 2536 Germnnos
636 2489 728 2536 cestre
738 2479 910 2550 bouqueto

105 2554 153 2602 ros
173 2551 260 2605 luisse
279 2554 491 2607 courtenderent.
531 2552 621 2618 Quem
636 2555 764 2607 timorem
783 2549 910 2604 censerit

105 2617 241 2674 adventus
252 2617 375 2675 sustulit.

149 2691 243 2746 ¹lilall.
262 2689 399 2746 Reversus
410 2687 474 2759 ilie,
495 2697 611 2746 eventus
625 2691 691 2748 belii
703 2703 758 2745 non
769 2689 909 2761 ignorent,
