<?xml version="1.0" encoding="UTF-8"?>
<!DOCTYPE html PUBLIC "-//W3C//DTD XHTML 1.0 Transitional//EN"
    "http://www.w3.org/TR/xhtml1/DTD/xhtml1-transitional.dtd">
<html xmlns="http://www.w3.org/1999/xhtml" xml:lang="en" lang="en">
 <head>
  <title>
</title>
<meta http-equiv="Content-Type" content="text/html;charset=utf-8" />
  <meta name='ocr-system' content='tesseract 3.04.00' />
  <meta name='ocr-capabilities' content='ocr_page ocr_carea ocr_par ocr_line ocrx_word'/>
</head>
<body>
  <div class='ocr_page' id='page_1' title='image "./cjuliicaesarisc05caesgoog_0453.png"; bbox 0 0 2134 3148; ppageno 0'>
   <div class='ocr_carea' id='block_1_1' title="bbox 335 179 872 246">
    <p class='ocr_par' dir='ltr' id='par_1_1' title="bbox 335 179 872 246">
     <span class='ocr_line' id='line_1_1' title="bbox 335 179 872 246; baseline 0.002 -16"><span class='ocrx_word' id='word_1_1' title='bbox 335 179 594 232; x_wconf 78' lang='lat' dir='ltr'><strong>nrurcsuo.</strong></span> <span class='ocrx_word' id='word_1_2' title='bbox 654 239 661 246; x_wconf 51' lang='grc'><strong>,</strong></span> <span class='ocrx_word' id='word_1_3' title='bbox 819 179 872 231; x_wconf 74' lang='lat' dir='ltr'><strong>aaa</strong></span> 
     </span>
    </p>
   </div>
   <div class='ocr_carea' id='block_1_2' title="bbox 8 279 905 491">
    <p class='ocr_par' dir='ltr' id='par_1_2' title="bbox 8 279 905 491">
     <span class='ocr_line' id='line_1_2' title="bbox 8 279 902 351; baseline -0.004 -15"><span class='ocrx_word' id='word_1_4' title='bbox 8 323 9 340; x_wconf 61' lang='lat'><strong>,</strong></span> <span class='ocrx_word' id='word_1_5' title='bbox 65 289 123 336; x_wconf 92' lang='lat' dir='ltr'><strong>tatu</strong></span> <span class='ocrx_word' id='word_1_6' title='bbox 136 281 333 345; x_wconf 78' lang='lat' dir='ltr'>Numidarum,</span> <span class='ocrx_word' id='word_1_7' title='bbox 352 287 431 334; x_wconf 86' lang='lat' dir='ltr'><strong>recta</strong></span> <span class='ocrx_word' id='word_1_8' title='bbox 441 284 471 332; x_wconf 86' lang='lat' dir='ltr'><strong>in</strong></span> <span class='ocrx_word' id='word_1_9' title='bbox 488 289 579 334; x_wconf 74' lang='lat' dir='ltr'><strong>casua</strong></span> <span class='ocrx_word' id='word_1_10' title='bbox 600 284 699 351; x_wconf 80' lang='lat' dir='ltr'><strong>¹fugere</strong></span> <span class='ocrx_word' id='word_1_11' title='bbox 719 279 871 333; x_wconf 80' lang='lat' dir='ltr'>contendit.</span> <span class='ocrx_word' id='word_1_12' title='bbox 900 337 902 342; x_wconf 61' lang='grc'>,</span> 
     </span>
     <span class='ocr_line' id='line_1_3' title="bbox 65 351 905 421; baseline -0.002 -17"><span class='ocrx_word' id='word_1_13' title='bbox 65 353 139 404; x_wconf 88' lang='lat' dir='ltr'><strong>Galli</strong></span> <span class='ocrx_word' id='word_1_14' title='bbox 151 352 350 421; x_wconf 81' lang='lat' dir='ltr'><strong>Germanique,</strong></span> <span class='ocrx_word' id='word_1_15' title='bbox 363 355 409 420; x_wconf 91' lang='lat' dir='ltr'><strong>qui</strong></span> <span class='ocrx_word' id='word_1_16' title='bbox 422 354 593 414; x_wconf 75' lang='lat' dir='ltr'><strong>restiterant,</strong></span> <span class='ocrx_word' id='word_1_17' title='bbox 605 369 639 406; x_wconf 87' lang='lat' dir='ltr'><strong>ex</strong></span> <span class='ocrx_word' id='word_1_18' title='bbox 650 354 794 418; x_wconf 87' lang='lat' dir='ltr'><strong>superiore</strong></span> <span class='ocrx_word' id='word_1_19' title='bbox 809 351 871 402; x_wconf 89' lang='lat' dir='ltr'><strong>loco</strong></span> <span class='ocrx_word' id='word_1_20' title='bbox 902 360 905 366; x_wconf 86' lang='lat'>&#39;</span> 
     </span>
     <span class='ocr_line' id='line_1_4' title="bbox 66 421 871 491; baseline -0.002 -17"><span class='ocrx_word' id='word_1_21' title='bbox 66 430 94 474; x_wconf 88' lang='lat' dir='ltr'><strong>et</strong></span> <span class='ocrx_word' id='word_1_22' title='bbox 106 428 169 490; x_wconf 88' lang='lat' dir='ltr'><strong>post</strong></span> <span class='ocrx_word' id='word_1_23' title='bbox 180 429 291 491; x_wconf 85' lang='lat' dir='ltr'><strong>tergum</strong></span> <span class='ocrx_word' id='word_1_24' title='bbox 302 423 496 486; x_wconf 86' lang='lat' dir='ltr'><strong>circumventi,</strong></span> <span class='ocrx_word' id='word_1_25' title='bbox 517 423 684 491; x_wconf 76' lang='lat' dir='ltr'><strong>fortiterque</strong></span> <span class='ocrx_word' id='word_1_26' title='bbox 699 421 871 484; x_wconf 81' lang='lat' dir='ltr'><strong>resistentes,</strong></span> 
     </span>
    </p>
   </div>
   <div class='ocr_carea' id='block_1_3' title="bbox 5 490 874 2796">
    <p class='ocr_par' dir='ltr' id='par_1_3' title="bbox 64 490 873 1050">
     <span class='ocr_line' id='line_1_5' title="bbox 64 490 871 561; baseline -0.004 -18"><span class='ocrx_word' id='word_1_27' title='bbox 64 492 249 545; x_wconf 72' lang='lat' dir='ltr'><strong>‹torrciduutur</strong></span> <span class='ocrx_word' id='word_1_28' title='bbox 263 494 394 543; x_wconf 88' lang='lat' dir='ltr'><strong>universi.</strong></span> <span class='ocrx_word' id='word_1_29' title='bbox 431 493 511 554; x_wconf 77' lang='lat' dir='ltr'><strong>Quod</strong></span> <span class='ocrx_word' id='word_1_30' title='bbox 522 493 570 544; x_wconf 85' lang='lat' dir='ltr'><strong>ubi</strong></span> <span class='ocrx_word' id='word_1_31' title='bbox 586 494 710 561; x_wconf 82' lang='lat' dir='ltr'><strong>legiones</strong></span> <span class='ocrx_word' id='word_1_32' title='bbox 726 490 871 556; x_wconf 81' lang='lat' dir='ltr'><strong>Scipionis,</strong></span> 
     </span>
     <span class='ocr_line' id='line_1_6' title="bbox 64 561 871 631; baseline -0.005 -15"><span class='ocrx_word' id='word_1_33' title='bbox 64 579 135 631; x_wconf 89' lang='lat' dir='ltr'><strong>quae</strong></span> <span class='ocrx_word' id='word_1_34' title='bbox 146 577 197 628; x_wconf 92' lang='lat' dir='ltr'><strong>pro</strong></span> <span class='ocrx_word' id='word_1_35' title='bbox 210 565 307 614; x_wconf 86' lang='lat' dir='ltr'><strong>castris</strong></span> <span class='ocrx_word' id='word_1_36' title='bbox 323 570 405 614; x_wconf 88' lang='lat' dir='ltr'><strong>eraut</strong></span> <span class='ocrx_word' id='word_1_37' title='bbox 420 565 587 627; x_wconf 85' lang='lat' dir='ltr'><strong>instructae,</strong></span> <span class='ocrx_word' id='word_1_38' title='bbox 609 565 731 614; x_wconf 89' lang='lat' dir='ltr'><strong>animum</strong></span> <span class='ocrx_word' id='word_1_39' title='bbox 747 561 871 612; x_wconf 84' lang='lat' dir='ltr'><strong>adverte-</strong></span> 
     </span>
     <span class='ocr_line' id='line_1_7' title="bbox 64 631 872 696; baseline -0.005 -11"><span class='ocrx_word' id='word_1_40' title='bbox 64 639 141 690; x_wconf 87' lang='lat' dir='ltr'><strong>runt:</strong></span> <span class='ocrx_word' id='word_1_41' title='bbox 161 639 236 684; x_wconf 89' lang='lat' dir='ltr'><strong>metu</strong></span> <span class='ocrx_word' id='word_1_42' title='bbox 249 648 282 684; x_wconf 89' lang='lat' dir='ltr'><strong>ac</strong></span> <span class='ocrx_word' id='word_1_43' title='bbox 294 639 402 685; x_wconf 88' lang='lat' dir='ltr'><strong>terrore</strong></span> <span class='ocrx_word' id='word_1_44' title='bbox 414 635 590 696; x_wconf 76' lang='lat' dir='ltr'><strong>obcaecatae,</strong></span> <span class='ocrx_word' id='word_1_45' title='bbox 607 633 733 684; x_wconf 86' lang='lat' dir='ltr'><strong>omnibus</strong></span> <span class='ocrx_word' id='word_1_46' title='bbox 744 631 833 696; x_wconf 89' lang='lat' dir='ltr'><strong>portis</strong></span> <span class='ocrx_word' id='word_1_47' title='bbox 843 633 872 681; x_wconf 91' lang='lat' dir='ltr'><strong>in</strong></span> 
     </span>
     <span class='ocr_line' id='line_1_8' title="bbox 64 700 872 770; baseline -0.005 -16"><span class='ocrx_word' id='word_1_48' title='bbox 64 719 115 754; x_wconf 89' lang='lat' dir='ltr'><strong>sua</strong></span> <span class='ocrx_word' id='word_1_49' title='bbox 126 706 218 770; x_wconf 80' lang='lat' dir='ltr'><strong>castra</strong></span> <span class='ocrx_word' id='word_1_50' title='bbox 229 701 327 770; x_wconf 87' lang='lat' dir='ltr'><strong>fugere</strong></span> <span class='ocrx_word' id='word_1_51' title='bbox 339 708 500 768; x_wconf 87' lang='lat' dir='ltr'><strong>coeperunt.</strong></span> <span class='ocrx_word' id='word_1_52' title='bbox 535 703 646 764; x_wconf 83' lang='lat' dir='ltr'><strong>Postea,</strong></span> <span class='ocrx_word' id='word_1_53' title='bbox 658 700 786 768; x_wconf 78' lang='lat' dir='ltr'><strong>Scipione</strong></span> <span class='ocrx_word' id='word_1_54' title='bbox 799 700 872 751; x_wconf 88' lang='lat' dir='ltr'><strong>eius·</strong></span> 
     </span>
     <span class='ocr_line' id='line_1_9' title="bbox 65 771 871 840; baseline -0.001 -19"><span class='ocrx_word' id='word_1_55' title='bbox 65 787 119 839; x_wconf 88' lang='lat' dir='ltr'><strong>que</strong></span> <span class='ocrx_word' id='word_1_56' title='bbox 131 771 217 837; x_wconf 85' lang='lat' dir='ltr'><strong>copiis</strong></span> <span class='ocrx_word' id='word_1_57' title='bbox 230 787 327 839; x_wconf 87' lang='lat' dir='ltr'><strong>campo</strong></span> <span class='ocrx_word' id='word_1_58' title='bbox 339 773 510 840; x_wconf 87' lang='lat' dir='ltr'><strong>collibusque</strong></span> <span class='ocrx_word' id='word_1_59' title='bbox 522 773 677 824; x_wconf 84' lang='lat' dir='ltr'><strong>exturbatis</strong></span> <span class='ocrx_word' id='word_1_60' title='bbox 693 777 776 839; x_wconf 86' lang='lat' dir='ltr'><strong>atquc</strong></span> <span class='ocrx_word' id='word_1_61' title='bbox 788 771 816 820; x_wconf 89' lang='lat' dir='ltr'><strong>in</strong></span> <span class='ocrx_word' id='word_1_62' title='bbox 827 786 871 822; x_wconf 89' lang='lat' dir='ltr'><strong>ca·</strong></span> 
     </span>
     <span class='ocr_line' id='line_1_10' title="bbox 64 840 873 910; baseline -0.004 -17"><span class='ocrx_word' id='word_1_63' title='bbox 64 847 125 893; x_wconf 88' lang='lat' dir='ltr'><strong>stra</strong></span> <span class='ocrx_word' id='word_1_64' title='bbox 136 843 299 908; x_wconf 89' lang='lat' dir='ltr'><strong>compulsis,</strong></span> <span class='ocrx_word' id='word_1_65' title='bbox 321 858 405 910; x_wconf 84' lang='lat' dir='ltr'><strong>quum</strong></span> <span class='ocrx_word' id='word_1_66' title='bbox 422 845 544 909; x_wconf 86' lang='lat' dir='ltr'><strong>receptui</strong></span> <span class='ocrx_word' id='word_1_67' title='bbox 556 843 658 894; x_wconf 79' lang='lat' dir='ltr'><strong>Caesar</strong></span> <span class='ocrx_word' id='word_1_68' title='bbox 669 843 729 893; x_wconf 85' lang='lat' dir='ltr'><strong>cani</strong></span> <span class='ocrx_word' id='word_1_69' title='bbox 746 840 873 891; x_wconf 82' lang='lat' dir='ltr'><strong>iussisset</strong></span> 
     </span>
     <span class='ocr_line' id='line_1_11' title="bbox 65 911 872 979; baseline -0.007 -15"><span class='ocrx_word' id='word_1_70' title='bbox 65 912 276 979; x_wconf 80' lang='lat' dir='ltr'><strong>equitatumque</strong></span> <span class='ocrx_word' id='word_1_71' title='bbox 289 927 397 964; x_wconf 84' lang='lat' dir='ltr'><strong>omnem</strong></span> <span class='ocrx_word' id='word_1_72' title='bbox 413 913 490 963; x_wconf 90' lang='lat' dir='ltr'><strong>iutra</strong></span> <span class='ocrx_word' id='word_1_73' title='bbox 501 927 565 963; x_wconf 84' lang='lat' dir='ltr'><strong>suas</strong></span> <span class='ocrx_word' id='word_1_74' title='bbox 576 913 745 964; x_wconf 84' lang='lat' dir='ltr'><strong>munitiones</strong></span> <span class='ocrx_word' id='word_1_75' title='bbox 756 911 872 977; x_wconf 84' lang='lat' dir='ltr'><strong>recepis-</strong></span> 
     </span>
     <span class='ocr_line' id='line_1_12' title="bbox 65 981 873 1050; baseline 0.002 -18"><span class='ocrx_word' id='word_1_76' title='bbox 65 987 117 1042; x_wconf 85' lang='lat' dir='ltr'><strong>set,</strong></span> <span class='ocrx_word' id='word_1_77' title='bbox 138 996 234 1047; x_wconf 89' lang='lat' dir='ltr'><strong>campo</strong></span> <span class='ocrx_word' id='word_1_78' title='bbox 253 988 380 1050; x_wconf 79' lang='lat' dir='ltr'><strong>purgato,</strong></span> <span class='ocrx_word' id='word_1_79' title='bbox 401 982 598 1034; x_wconf 85' lang='lat' dir='ltr'><strong>animadvertit</strong></span> <span class='ocrx_word' id='word_1_80' title='bbox 619 981 740 1033; x_wconf 84' lang='lat' dir='ltr'><strong>mirifica</strong></span> <span class='ocrx_word' id='word_1_81' title='bbox 755 995 873 1048; x_wconf 78' lang='lat' dir='ltr'><strong>corpore</strong></span> 
     </span>
    </p>

    <p class='ocr_par' dir='ltr' id='par_1_4' title="bbox 5 1051 874 1536">
     <span class='ocr_line' id='line_1_13' title="bbox 66 1051 873 1120; baseline -0.004 -17"><span class='ocrx_word' id='word_1_82' title='bbox 66 1051 210 1103; x_wconf 83' lang='lat' dir='ltr'><strong>Gallorum</strong></span> <span class='ocrx_word' id='word_1_83' title='bbox 224 1051 493 1120; x_wconf 79' lang='lat' dir='ltr'><strong>Germanorumque,</strong></span> <span class='ocrx_word' id='word_1_84' title='bbox 510 1053 556 1120; x_wconf 89' lang='lat' dir='ltr'><strong>qui</strong></span> <span class='ocrx_word' id='word_1_85' title='bbox 568 1054 670 1120; x_wconf 83' lang='lat' dir='ltr'><strong>partim</strong></span> <span class='ocrx_word' id='word_1_86' title='bbox 684 1053 743 1104; x_wconf 82' lang='lat' dir='ltr'><strong>eius</strong></span> <span class='ocrx_word' id='word_1_87' title='bbox 753 1051 873 1102; x_wconf 84' lang='lat' dir='ltr'><strong>auctori·</strong></span> 
     </span>
     <span class='ocr_line' id='line_1_14' title="bbox 65 1121 872 1190; baseline -0.001 -18"><span class='ocrx_word' id='word_1_88' title='bbox 65 1128 151 1172; x_wconf 88' lang='lat' dir='ltr'><strong>tatem</strong></span> <span class='ocrx_word' id='word_1_89' title='bbox 163 1127 244 1172; x_wconf 88' lang='lat' dir='ltr'><strong>erant</strong></span> <span class='ocrx_word' id='word_1_90' title='bbox 255 1136 290 1173; x_wconf 84' lang='lat' dir='ltr'><strong>ex</strong></span> <span class='ocrx_word' id='word_1_91' title='bbox 301 1121 393 1174; x_wconf 82' lang='lat' dir='ltr'><strong>Gallia</strong></span> <span class='ocrx_word' id='word_1_92' title='bbox 404 1124 503 1185; x_wconf 88' lang='lat' dir='ltr'><strong>secuti,</strong></span> <span class='ocrx_word' id='word_1_93' title='bbox 520 1125 622 1190; x_wconf 87' lang='lat' dir='ltr'><strong>partim</strong></span> <span class='ocrx_word' id='word_1_94' title='bbox 633 1123 725 1189; x_wconf 90' lang='lat' dir='ltr'><strong>pretio</strong></span> <span class='ocrx_word' id='word_1_95' title='bbox 737 1121 872 1187; x_wconf 85' lang='lat' dir='ltr'><strong>pollicito·</strong></span> 
     </span>
     <span class='ocr_line' id='line_1_15' title="bbox 5 1190 874 1259; baseline -0.002 -17"><span class='ocrx_word' id='word_1_96' title='bbox 5 1205 6 1210; x_wconf 54' lang='lat'>¹</span> <span class='ocrx_word' id='word_1_97' title='bbox 66 1192 245 1259; x_wconf 87' lang='lat' dir='ltr'><strong>tionibusquc</strong></span> <span class='ocrx_word' id='word_1_98' title='bbox 256 1190 371 1242; x_wconf 89' lang='lat' dir='ltr'><strong>adducti</strong></span> <span class='ocrx_word' id='word_1_99' title='bbox 380 1193 415 1243; x_wconf 92' lang='lat' dir='ltr'><strong>ad</strong></span> <span class='ocrx_word' id='word_1_100' title='bbox 428 1208 490 1243; x_wconf 91' lang='lat' dir='ltr'><strong>eum</strong></span> <span class='ocrx_word' id='word_1_101' title='bbox 502 1207 532 1244; x_wconf 89' lang='lat' dir='ltr'><strong>se</strong></span> <span class='ocrx_word' id='word_1_102' title='bbox 539 1194 727 1254; x_wconf 80' lang='lat' dir='ltr'><strong>contulerant3</strong></span> <span class='ocrx_word' id='word_1_103' title='bbox 739 1191 874 1254; x_wconf 90' lang='lat' dir='ltr'><strong>nonnulli,</strong></span> 
     </span>
     <span class='ocr_line' id='line_1_16' title="bbox 66 1262 873 1329; baseline 0 -19"><span class='ocrx_word' id='word_1_104' title='bbox 66 1263 161 1329; x_wconf 86' lang='lat' dir='ltr'><strong>quiex</strong></span> <span class='ocrx_word' id='word_1_105' title='bbox 177 1262 306 1312; x_wconf 84' lang='lat' dir='ltr'><strong>Curionis</strong></span> <span class='ocrx_word' id='word_1_106' title='bbox 325 1263 432 1328; x_wconf 86' lang='lat' dir='ltr'><strong>proelio</strong></span> <span class='ocrx_word' id='word_1_107' title='bbox 454 1263 525 1329; x_wconf 88' lang='lat' dir='ltr'><strong>eapti</strong></span> <span class='ocrx_word' id='word_1_108' title='bbox 548 1263 757 1328; x_wconf 83' lang='lat' dir='ltr'><strong>conservatique</strong></span> <span class='ocrx_word' id='word_1_109' title='bbox 777 1275 873 1326; x_wconf 86' lang='lat' dir='ltr'><strong>parem</strong></span> 
     </span>
     <span class='ocr_line' id='line_1_17' title="bbox 67 1331 873 1399; baseline -0.001 -18"><span class='ocrx_word' id='word_1_110' title='bbox 67 1332 185 1399; x_wconf 84' lang='lat' dir='ltr'><strong>gratiam</strong></span> <span class='ocrx_word' id='word_1_111' title='bbox 197 1335 225 1380; x_wconf 90' lang='lat' dir='ltr'><strong>iu</strong></span> <span class='ocrx_word' id='word_1_112' title='bbox 238 1331 292 1383; x_wconf 90' lang='lat' dir='ltr'><strong>lide</strong></span> <span class='ocrx_word' id='word_1_113' title='bbox 307 1331 453 1397; x_wconf 81' lang='lat' dir='ltr'><strong>partienda</strong></span> <span class='ocrx_word' id='word_1_114' title='bbox 468 1339 614 1398; x_wconf 87' lang='lat' dir='ltr'><strong>praestare</strong></span> <span class='ocrx_word' id='word_1_115' title='bbox 626 1333 780 1383; x_wconf 89' lang='lat' dir='ltr'><strong>voluerunt.</strong></span> <span class='ocrx_word' id='word_1_116' title='bbox 816 1331 873 1381; x_wconf 53' lang='lat' dir='ltr'><strong>llo*</strong></span> 
     </span>
     <span class='ocr_line' id='line_1_18' title="bbox 68 1399 873 1469; baseline -0.004 -18"><span class='ocrx_word' id='word_1_117' title='bbox 68 1417 130 1452; x_wconf 88' lang='lat' dir='ltr'><strong>rum</strong></span> <span class='ocrx_word' id='word_1_118' title='bbox 141 1415 272 1466; x_wconf 79' lang='lat' dir='ltr'><strong>cor-poca,</strong></span> <span class='ocrx_word' id='word_1_119' title='bbox 289 1399 408 1452; x_wconf 75' lang='lat' dir='ltr'><strong>mirifica</strong></span> <span class='ocrx_word' id='word_1_120' title='bbox 419 1404 510 1467; x_wconf 88' lang='lat' dir='ltr'><strong>specie</strong></span> <span class='ocrx_word' id='word_1_121' title='bbox 522 1402 770 1469; x_wconf 84' lang='lat' dir='ltr'><strong>aurplitudinequc,</strong></span> <span class='ocrx_word' id='word_1_122' title='bbox 792 1413 873 1452; x_wconf 85' lang='lat' dir='ltr'><strong>caesa</strong></span> 
     </span>
     <span class='ocr_line' id='line_1_19' title="bbox 67 1471 706 1536; baseline -0.003 -14"><span class='ocrx_word' id='word_1_123' title='bbox 67 1477 128 1524; x_wconf 90' lang='lat' dir='ltr'><strong>toto</strong></span> <span class='ocrx_word' id='word_1_124' title='bbox 140 1485 236 1536; x_wconf 88' lang='lat' dir='ltr'><strong>campo</strong></span> <span class='ocrx_word' id='word_1_125' title='bbox 249 1485 283 1521; x_wconf 92' lang='lat' dir='ltr'><strong>ac</strong></span> <span class='ocrx_word' id='word_1_126' title='bbox 293 1477 434 1536; x_wconf 86' lang='lat' dir='ltr'><strong>prostrata</strong></span> <span class='ocrx_word' id='word_1_127' title='bbox 442 1471 554 1536; x_wconf 85' lang='lat' dir='ltr'><strong>diverse</strong></span> <span class='ocrx_word' id='word_1_128' title='bbox 571 1474 706 1523; x_wconf 85' lang='lat' dir='ltr'><strong>iacebant.</strong></span> 
     </span>
    </p>

    <p class='ocr_par' dir='ltr' id='par_1_5' title="bbox 40 1540 873 1889">
     <span class='ocr_line' id='line_1_20' title="bbox 71 1540 873 1607; baseline 0.002 -17"><span class='ocrx_word' id='word_1_129' title='bbox 71 1569 74 1574; x_wconf 93' lang='lat'><em>·</em></span> <span class='ocrx_word' id='word_1_130' title='bbox 120 1540 193 1591; x_wconf 69' lang='lat' dir='ltr'><strong>xta</strong></span> <span class='ocrx_word' id='word_1_131' title='bbox 212 1541 264 1590; x_wconf 84' lang='lat' dir='ltr'><strong>llis</strong></span> <span class='ocrx_word' id='word_1_132' title='bbox 276 1541 359 1592; x_wconf 89' lang='lat' dir='ltr'><strong>rebus</strong></span> <span class='ocrx_word' id='word_1_133' title='bbox 369 1543 465 1607; x_wconf 81' lang='lat' dir='ltr'><strong>gestis,</strong></span> <span class='ocrx_word' id='word_1_134' title='bbox 478 1545 590 1607; x_wconf 79' lang='lat' dir='ltr'><strong>postero</strong></span> <span class='ocrx_word' id='word_1_135' title='bbox 601 1541 646 1592; x_wconf 87' lang='lat' dir='ltr'><strong>dic</strong></span> <span class='ocrx_word' id='word_1_136' title='bbox 658 1542 761 1592; x_wconf 86' lang='lat' dir='ltr'><strong>Caesar</strong></span> <span class='ocrx_word' id='word_1_137' title='bbox 771 1554 805 1590; x_wconf 84' lang='lat' dir='ltr'><strong>ex</strong></span> <span class='ocrx_word' id='word_1_138' title='bbox 817 1547 873 1592; x_wconf 83' lang='lat' dir='ltr'><strong>our·</strong></span> 
     </span>
     <span class='ocr_line' id='line_1_21' title="bbox 65 1608 873 1676; baseline -0.004 -15"><span class='ocrx_word' id='word_1_139' title='bbox 65 1613 144 1662; x_wconf 85' lang='lat' dir='ltr'><strong>nibus</strong></span> <span class='ocrx_word' id='word_1_140' title='bbox 166 1610 310 1676; x_wconf 86' lang='lat' dir='ltr'><strong>praesidiis</strong></span> <span class='ocrx_word' id='word_1_141' title='bbox 326 1608 456 1661; x_wconf 84' lang='lat' dir='ltr'><strong>cohortes</strong></span> <span class='ocrx_word' id='word_1_142' title='bbox 473 1610 571 1662; x_wconf 87' lang='lat' dir='ltr'><strong>eduxit</strong></span> <span class='ocrx_word' id='word_1_143' title='bbox 586 1618 615 1662; x_wconf 95' lang='lat' dir='ltr'><strong>at</strong></span> <span class='ocrx_word' id='word_1_144' title='bbox 634 1626 670 1662; x_wconf 83' lang='lat' dir='ltr'><strong>ue</strong></span> <span class='ocrx_word' id='word_1_145' title='bbox 691 1625 786 1662; x_wconf 88' lang='lat' dir='ltr'><strong>omnes</strong></span> <span class='ocrx_word' id='word_1_146' title='bbox 807 1623 873 1659; x_wconf 86' lang='lat' dir='ltr'><strong>suas</strong></span> 
     </span>
     <span class='ocr_line' id='line_1_22' title="bbox 65 1679 872 1747; baseline -0.002 -15"><span class='ocrx_word' id='word_1_147' title='bbox 65 1683 158 1747; x_wconf 88' lang='lat' dir='ltr'><strong>copias</strong></span> <span class='ocrx_word' id='word_1_148' title='bbox 169 1681 198 1729; x_wconf 91' lang='lat' dir='ltr'><strong>in</strong></span> <span class='ocrx_word' id='word_1_149' title='bbox 210 1695 307 1746; x_wconf 91' lang='lat' dir='ltr'><strong>campo</strong></span> <span class='ocrx_word' id='word_1_150' title='bbox 319 1681 461 1731; x_wconf 85' lang='lat' dir='ltr'><strong>iustruxit.</strong></span> <span class='ocrx_word' id='word_1_151' title='bbox 479 1679 580 1746; x_wconf 86' lang='lat' dir='ltr'><strong>Scipio,</strong></span> <span class='ocrx_word' id='word_1_152' title='bbox 590 1696 649 1732; x_wconf 80' lang='lat' dir='ltr'><strong>sure</strong></span> <span class='ocrx_word' id='word_1_153' title='bbox 661 1681 732 1734; x_wconf 90' lang='lat' dir='ltr'><strong>male</strong></span> <span class='ocrx_word' id='word_1_154' title='bbox 743 1681 872 1746; x_wconf 87' lang='lat' dir='ltr'><strong>acceptis,</strong></span> 
     </span>
     <span class='ocr_line' id='line_1_23' title="bbox 64 1749 871 1818; baseline -0.001 -17"><span class='ocrx_word' id='word_1_155' title='bbox 64 1751 175 1811; x_wconf 89' lang='lat' dir='ltr'><strong>occisis,</strong></span> <span class='ocrx_word' id='word_1_156' title='bbox 196 1749 474 1818; x_wconf 83' lang='lat' dir='ltr'><strong>convulneratisque,</strong></span> <span class='ocrx_word' id='word_1_157' title='bbox 487 1752 571 1805; x_wconf 42' lang='lat' dir='ltr'><strong>,iutra</strong></span> <span class='ocrx_word' id='word_1_158' title='bbox 591 1766 655 1802; x_wconf 86' lang='lat' dir='ltr'><strong>suas</strong></span> <span class='ocrx_word' id='word_1_159' title='bbox 677 1749 820 1802; x_wconf 84' lang='lat' dir='ltr'><strong>continere</strong></span> <span class='ocrx_word' id='word_1_160' title='bbox 841 1764 871 1800; x_wconf 89' lang='lat' dir='ltr'><strong>se</strong></span> 
     </span>
     <span class='ocr_line' id='line_1_24' title="bbox 40 1819 872 1889; baseline -0.005 -17"><span class='ocrx_word' id='word_1_161' title='bbox 40 1835 43 1839; x_wconf 83' lang='grc'>’</span> <span class='ocrx_word' id='word_1_162' title='bbox 64 1821 235 1889; x_wconf 78' lang='lat' dir='ltr'><strong>munitiones</strong></span> <span class='ocrx_word' id='word_1_163' title='bbox 247 1822 346 1887; x_wconf 88' lang='lat' dir='ltr'><strong>coepit.</strong></span> <span class='ocrx_word' id='word_1_164' title='bbox 366 1821 477 1882; x_wconf 83' lang='lat' dir='ltr'><strong>Cacsar,</strong></span> <span class='ocrx_word' id='word_1_165' title='bbox 491 1820 632 1872; x_wconf 86' lang='lat' dir='ltr'><strong>instructa</strong></span> <span class='ocrx_word' id='word_1_166' title='bbox 642 1822 711 1884; x_wconf 86' lang='lat' dir='ltr'><strong>acie,</strong></span> <span class='ocrx_word' id='word_1_167' title='bbox 722 1819 872 1871; x_wconf 87' lang='lat' dir='ltr'><strong>secundum</strong></span> 
     </span>
    </p>

    <p class='ocr_par' dir='ltr' id='par_1_6' title="bbox 46 1890 874 2796">
     <span class='ocr_line' id='line_1_25' title="bbox 65 1890 874 1956; baseline -0.002 -15"><span class='ocrx_word' id='word_1_168' title='bbox 65 1892 174 1941; x_wconf 86' lang='lat' dir='ltr'><strong>iulimas</strong></span> <span class='ocrx_word' id='word_1_169' title='bbox 184 1892 241 1956; x_wconf 87' lang='lat' dir='ltr'><strong>iugi</strong></span> <span class='ocrx_word' id='word_1_170' title='bbox 252 1890 373 1953; x_wconf 86' lang='lat' dir='ltr'><strong>radices,</strong></span> <span class='ocrx_word' id='word_1_171' title='bbox 394 1892 508 1956; x_wconf 88' lang='lat' dir='ltr'><strong>propius</strong></span> <span class='ocrx_word' id='word_1_172' title='bbox 526 1893 696 1944; x_wconf 87' lang='lat' dir='ltr'><strong>munitiones</strong></span> <span class='ocrx_word' id='word_1_173' title='bbox 713 1891 815 1941; x_wconf 87' lang='lat' dir='ltr'><strong>leniter</strong></span> <span class='ocrx_word' id='word_1_174' title='bbox 830 1904 874 1939; x_wconf 85' lang='lat' dir='ltr'><strong>ac·</strong></span> 
     </span>
     <span class='ocr_line' id='line_1_26' title="bbox 65 1959 873 2028; baseline -0.004 -18"><span class='ocrx_word' id='word_1_175' title='bbox 65 1959 158 2013; x_wconf 81' lang='lat' dir='ltr'><strong>cessit.</strong></span> <span class='ocrx_word' id='word_1_176' title='bbox 175 1962 290 2027; x_wconf 87' lang='lat' dir='ltr'><strong>lamque</strong></span> <span class='ocrx_word' id='word_1_177' title='bbox 302 1961 392 2011; x_wconf 85' lang='lat' dir='ltr'><strong>minus</strong></span> <span class='ocrx_word' id='word_1_178' title='bbox 405 1960 471 2014; x_wconf 88' lang='lat' dir='ltr'><strong>mile</strong></span> <span class='ocrx_word' id='word_1_179' title='bbox 485 1976 615 2028; x_wconf 88' lang='lat' dir='ltr'><strong>passuum</strong></span> <span class='ocrx_word' id='word_1_180' title='bbox 628 1963 661 2014; x_wconf 83' lang='lat' dir='ltr'><strong>ab</strong></span> <span class='ocrx_word' id='word_1_181' title='bbox 673 1960 774 2028; x_wconf 85' lang='lat' dir='ltr'><strong>oppido</strong></span> <span class='ocrx_word' id='word_1_182' title='bbox 783 1959 873 2020; x_wconf 82' lang='lat' dir='ltr'><strong>Uzita,</strong></span> 
     </span>
     <span class='ocr_line' id='line_1_27' title="bbox 66 2027 871 2098; baseline -0.004 -19"><span class='ocrx_word' id='word_1_183' title='bbox 66 2027 367 2097; x_wconf 86' lang='lat' dir='ltr'><strong>quodScipiotenebat,</strong></span> <span class='ocrx_word' id='word_1_184' title='bbox 379 2031 496 2082; x_wconf 81' lang='lat' dir='ltr'><strong>aberant</strong></span> <span class='ocrx_word' id='word_1_185' title='bbox 506 2031 634 2098; x_wconf 82' lang='lat' dir='ltr'><strong>legiones</strong></span> <span class='ocrx_word' id='word_1_186' title='bbox 645 2032 778 2090; x_wconf 82' lang='lat' dir='ltr'><strong>lullanae,</strong></span> <span class='ocrx_word' id='word_1_187' title='bbox 789 2043 871 2094; x_wconf 92' lang='lat' dir='ltr'><strong>quum</strong></span> 
     </span>
     <span class='ocr_line' id='line_1_28' title="bbox 66 2098 872 2166; baseline -0.006 -16"><span class='ocrx_word' id='word_1_188' title='bbox 66 2100 168 2165; x_wconf 84' lang='lat' dir='ltr'><strong>Scipio,</strong></span> <span class='ocrx_word' id='word_1_189' title='bbox 189 2100 305 2161; x_wconf 86' lang='lat' dir='ltr'><strong>veritus,</strong></span> <span class='ocrx_word' id='word_1_190' title='bbox 326 2115 362 2151; x_wconf 87' lang='lat' dir='ltr'><strong>ne</strong></span> <span class='ocrx_word' id='word_1_191' title='bbox 374 2101 502 2166; x_wconf 87' lang='lat' dir='ltr'><strong>oppidum</strong></span> <span class='ocrx_word' id='word_1_192' title='bbox 515 2103 669 2163; x_wconf 88' lang='lat' dir='ltr'><strong>amitteret,</strong></span> <span class='ocrx_word' id='word_1_193' title='bbox 690 2099 764 2150; x_wconf 91' lang='lat' dir='ltr'><strong>undc</strong></span> <span class='ocrx_word' id='word_1_194' title='bbox 774 2098 872 2165; x_wconf 84' lang='lat' dir='ltr'><strong>aquari</strong></span> 
     </span>
     <span class='ocr_line' id='line_1_29' title="bbox 66 2169 874 2237; baseline -0.006 -16"><span class='ocrx_word' id='word_1_195' title='bbox 66 2169 236 2237; x_wconf 86' lang='lat' dir='ltr'><strong>reliquisque</strong></span> <span class='ocrx_word' id='word_1_196' title='bbox 247 2170 330 2220; x_wconf 86' lang='lat' dir='ltr'><strong>rebus</strong></span> <span class='ocrx_word' id='word_1_197' title='bbox 342 2169 481 2219; x_wconf 80' lang='lat' dir='ltr'><strong>subleuari</strong></span> <span class='ocrx_word' id='word_1_198' title='bbox 493 2172 553 2221; x_wconf 89' lang='lat' dir='ltr'><strong>eius</strong></span> <span class='ocrx_word' id='word_1_199' title='bbox 565 2173 704 2221; x_wconf 82' lang='lat' dir='ltr'><strong>exercitus</strong></span> <span class='ocrx_word' id='word_1_200' title='bbox 716 2171 874 2227; x_wconf 88' lang='lat' dir='ltr'><strong>consuerat,</strong></span> 
     </span>
     <span class='ocr_line' id='line_1_30' title="bbox 66 2239 873 2305; baseline -0.005 -15"><span class='ocrx_word' id='word_1_201' title='bbox 66 2240 172 2290; x_wconf 88' lang='lat' dir='ltr'><strong>eductis</strong></span> <span class='ocrx_word' id='word_1_202' title='bbox 184 2239 311 2289; x_wconf 92' lang='lat' dir='ltr'><strong>omuibus</strong></span> <span class='ocrx_word' id='word_1_203' title='bbox 323 2239 419 2304; x_wconf 85' lang='lat' dir='ltr'><strong>copiis,</strong></span> <span class='ocrx_word' id='word_1_204' title='bbox 431 2239 605 2305; x_wconf 89' lang='lat' dir='ltr'><strong>quadruplici</strong></span> <span class='ocrx_word' id='word_1_205' title='bbox 617 2241 677 2290; x_wconf 87' lang='lat' dir='ltr'><strong>acie</strong></span> <span class='ocrx_word' id='word_1_206' title='bbox 687 2239 826 2289; x_wconf 88' lang='lat' dir='ltr'><strong>instructa</strong></span> <span class='ocrx_word' id='word_1_207' title='bbox 838 2249 873 2286; x_wconf 86' lang='lat' dir='ltr'><strong>cx</strong></span> 
     </span>
     <span class='ocr_line' id='line_1_31' title="bbox 65 2305 873 2374; baseline -0.001 -16"><span class='ocrx_word' id='word_1_208' title='bbox 65 2310 196 2359; x_wconf 88' lang='lat' dir='ltr'><strong>instituto</strong></span> <span class='ocrx_word' id='word_1_209' title='bbox 208 2322 273 2369; x_wconf 90' lang='lat' dir='ltr'><strong>suo,</strong></span> <span class='ocrx_word' id='word_1_210' title='bbox 293 2309 384 2372; x_wconf 89' lang='lat' dir='ltr'><strong>prima</strong></span> <span class='ocrx_word' id='word_1_211' title='bbox 395 2311 517 2374; x_wconf 86' lang='lat' dir='ltr'><strong>equestri</strong></span> <span class='ocrx_word' id='word_1_212' title='bbox 528 2311 668 2359; x_wconf 88' lang='lat' dir='ltr'><strong>turmatim</strong></span> <span class='ocrx_word' id='word_1_213' title='bbox 682 2308 801 2368; x_wconf 89' lang='lat' dir='ltr'><strong>directa,</strong></span> <span class='ocrx_word' id='word_1_214' title='bbox 819 2305 873 2357; x_wconf 90' lang='lat' dir='ltr'><strong>ele·</strong></span> 
     </span>
     <span class='ocr_line' id='line_1_32' title="bbox 65 2377 872 2445; baseline -0.004 -16"><span class='ocrx_word' id='word_1_215' title='bbox 65 2377 231 2445; x_wconf 82' lang='lat' dir='ltr'><strong>plrautisque</strong></span> <span class='ocrx_word' id='word_1_216' title='bbox 243 2378 353 2427; x_wconf 87' lang='lat' dir='ltr'><strong>turritis</strong></span> <span class='ocrx_word' id='word_1_217' title='bbox 364 2378 720 2444; x_wconf 84' lang='lat' dir='ltr'><strong>interpositisarmatisque,</strong></span> <span class='ocrx_word' id='word_1_218' title='bbox 731 2377 872 2443; x_wconf 85' lang='lat' dir='ltr'><strong>suppetias</strong></span> 
     </span>
     <span class='ocr_line' id='line_1_33' title="bbox 64 2445 874 2509; baseline -0.006 -10"><span class='ocrx_word' id='word_1_219' title='bbox 64 2451 106 2500; x_wconf 87' lang='lat' dir='ltr'><strong>ire</strong></span> <span class='ocrx_word' id='word_1_220' title='bbox 118 2446 271 2499; x_wconf 83' lang='lat' dir='ltr'><strong>contendit.</strong></span> <span class='ocrx_word' id='word_1_221' title='bbox 307 2445 388 2509; x_wconf 75' lang='lat' dir='ltr'><strong>Quod</strong></span> <span class='ocrx_word' id='word_1_222' title='bbox 399 2447 781 2509; x_wconf 83' lang='lat' dir='ltr'><strong>ubiCaesarauimadvertit‚</strong></span> <span class='ocrx_word' id='word_1_223' title='bbox 803 2445 874 2495; x_wconf 90' lang='lat' dir='ltr'><strong>arbi·</strong></span> 
     </span>
     <span class='ocr_line' id='line_1_34' title="bbox 63 2515 873 2584; baseline -0.005 -16"><span class='ocrx_word' id='word_1_224' title='bbox 63 2525 164 2580; x_wconf 87' lang='lat' dir='ltr'><strong>tratus,</strong></span> <span class='ocrx_word' id='word_1_225' title='bbox 176 2517 334 2583; x_wconf 84' lang='lat' dir='ltr'><strong>Scipionem</strong></span> <span class='ocrx_word' id='word_1_226' title='bbox 346 2516 381 2568; x_wconf 86' lang='lat' dir='ltr'><strong>ad</strong></span> <span class='ocrx_word' id='word_1_227' title='bbox 393 2515 578 2567; x_wconf 85' lang='lat' dir='ltr'><strong>dimicandum</strong></span> <span class='ocrx_word' id='word_1_228' title='bbox 591 2523 717 2584; x_wconf 88' lang='lat' dir='ltr'><strong>paratum</strong></span> <span class='ocrx_word' id='word_1_229' title='bbox 729 2515 764 2567; x_wconf 90' lang='lat' dir='ltr'><strong>ad</strong></span> <span class='ocrx_word' id='word_1_230' title='bbox 775 2530 805 2568; x_wconf 89' lang='lat' dir='ltr'><strong>se</strong></span> <span class='ocrx_word' id='word_1_231' title='bbox 816 2529 873 2565; x_wconf 89' lang='lat' dir='ltr'><strong>ecr-</strong></span> 
     </span>
     <span class='ocr_line' id='line_1_35' title="bbox 64 2585 871 2655; baseline -0.007 -16"><span class='ocrx_word' id='word_1_232' title='bbox 64 2601 94 2639; x_wconf 84' lang='lat' dir='ltr'><strong>to</strong></span> <span class='ocrx_word' id='word_1_233' title='bbox 106 2590 199 2639; x_wconf 92' lang='lat' dir='ltr'><strong>animo</strong></span> <span class='ocrx_word' id='word_1_234' title='bbox 211 2587 318 2649; x_wconf 82' lang='lat' dir='ltr'><strong>venire,¹</strong></span> <span class='ocrx_word' id='word_1_235' title='bbox 334 2587 362 2636; x_wconf 91' lang='lat' dir='ltr'><strong>iu</strong></span> <span class='ocrx_word' id='word_1_236' title='bbox 375 2601 409 2638; x_wconf 90' lang='lat' dir='ltr'><strong>eo</strong></span> <span class='ocrx_word' id='word_1_237' title='bbox 421 2585 491 2649; x_wconf 89' lang='lat' dir='ltr'><strong>loco,</strong></span> <span class='ocrx_word' id='word_1_238' title='bbox 503 2601 558 2655; x_wconf 93' lang='lat' dir='ltr'><strong>quo</strong></span> <span class='ocrx_word' id='word_1_239' title='bbox 571 2587 665 2654; x_wconf 91' lang='lat' dir='ltr'><strong>paullo</strong></span> <span class='ocrx_word' id='word_1_240' title='bbox 677 2593 742 2638; x_wconf 91' lang='lat' dir='ltr'><strong>aute</strong></span> <span class='ocrx_word' id='word_1_241' title='bbox 753 2599 871 2637; x_wconf 88' lang='lat' dir='ltr'><strong>commc-</strong></span> 
     </span>
     <span class='ocr_line' id='line_1_36' title="bbox 63 2656 872 2725; baseline -0.007 -16"><span class='ocrx_word' id='word_1_242' title='bbox 63 2659 179 2721; x_wconf 88' lang='lat' dir='ltr'><strong>moravi,</strong></span> <span class='ocrx_word' id='word_1_243' title='bbox 201 2662 266 2708; x_wconf 88' lang='lat' dir='ltr'><strong>ante</strong></span> <span class='ocrx_word' id='word_1_244' title='bbox 284 2656 416 2724; x_wconf 88' lang='lat' dir='ltr'><strong>oppidum</strong></span> <span class='ocrx_word' id='word_1_245' title='bbox 432 2659 558 2708; x_wconf 88' lang='lat' dir='ltr'><strong>constitit</strong></span> <span class='ocrx_word' id='word_1_246' title='bbox 571 2671 704 2725; x_wconf 88' lang='lat' dir='ltr'><strong>suamque</strong></span> <span class='ocrx_word' id='word_1_247' title='bbox 716 2657 804 2708; x_wconf 91' lang='lat' dir='ltr'><strong>aciem</strong></span> <span class='ocrx_word' id='word_1_248' title='bbox 817 2667 872 2704; x_wconf 86' lang='lat' dir='ltr'><strong>mc-</strong></span> 
     </span>
     <span class='ocr_line' id='line_1_37' title="bbox 46 2726 871 2796; baseline -0.011 -15"><span class='ocrx_word' id='word_1_249' title='bbox 46 2789 48 2792; x_wconf 17' lang='lat'><strong>,</strong></span> <span class='ocrx_word' id='word_1_250' title='bbox 63 2729 137 2781; x_wconf 90' lang='lat' dir='ltr'><strong>diam</strong></span> <span class='ocrx_word' id='word_1_251' title='bbox 153 2741 187 2781; x_wconf 75' lang='lat' dir='ltr'><strong>‘co</strong></span> <span class='ocrx_word' id='word_1_252' title='bbox 204 2726 305 2796; x_wconf 90' lang='lat' dir='ltr'><strong>oppido</strong></span> <span class='ocrx_word' id='word_1_253' title='bbox 321 2728 405 2786; x_wconf 67' lang='lat' dir='ltr'><strong>texitz</strong></span> <span class='ocrx_word' id='word_1_254' title='bbox 424 2726 554 2779; x_wconf 79' lang='lat' dir='ltr'><strong>dextrum</strong></span> <span class='ocrx_word' id='word_1_255' title='bbox 566 2727 764 2796; x_wconf 85' lang='lat' dir='ltr'><strong>sinistrumque</strong></span> <span class='ocrx_word' id='word_1_256' title='bbox 776 2730 871 2786; x_wconf 81' lang='lat' dir='ltr'><strong>cornu,</strong></span> 
     </span>
    </p>
   </div>
   <div class='ocr_carea' id='block_1_4' title="bbox 0 0 1072 3148">
    <p class='ocr_par' dir='ltr' id='par_1_7' title="bbox 0 0 1072 3148">
     <span class='ocr_line' id='line_1_38' title="bbox 0 0 1072 3148; baseline 0 0"><span class='ocrx_word' id='word_1_257' title='bbox 0 0 1072 3148; x_wconf 95' lang='lat' dir='ltr'><strong> </strong></span> 
     </span>
    </p>
   </div>
  </div>
 </body>
</html>
