2152 3132
385 149 642 204 lJlBER'Vll.
870 151 919 206 tae

110 254 183 310 erdo
197 254 344 316 adiicitur,
362 260 395 305 ut
410 254 485 304 idem
500 254 571 306 illud
588 256 767 307 intervallum
780 263 918 319 serretur,

110 340 203 394 neque
214 326 289 374 iuter
299 339 331 374 se
341 325 507 390 contingant
520 327 628 388 trabes,
649 326 699 378 sed
710 327 823 392 paribus
834 327 919 377 iuter-

110 397 216 448 missae
234 395 346 460 spatiis,
367 394 496 462 singulae
515 395 635 463 singulis
655 397 731 446 saxis
751 397 917 457 interiectis,

110 470 175 516 arte
189 465 395 514 contineantur.
424 461 469 514 Sic
479 463 610 530 deinceps
621 480 703 516 omne
714 480 784 537 opus
795 465 919 518 contexi·

110 542 174 596 tur,
190 531 255 583 duru
265 535 341 584 iusta
351 535 423 584 muri
434 533 556 584 altitudo
567 533 723 600 expleatur.
746 531 823 586 'Hoc
833 550 918 602 quum

109 605 142 655 in
153 604 272 670 speciem
283 605 504 670 varietatemque
515 618 584 670 opus
595 602 720 656 deforme
731 621 787 657 non
803 613 861 666 est,
881 603 919 654 al·

111 673 202 724 ternis
213 672 339 722 trabibus
350 687 383 722 ac
392 674 480 733 saxis,
496 688 567 740 quae
579 676 663 725 rectis
672 675 755 726 lineis
766 688 833 725 suos
845 673 919 724 ordi·

113 757 165 793 nes
176 747 300 806 servant3
319 749 379 793 turn
389 742 425 793 ad
436 741 589 794 utilitatem
600 751 629 794 ct
639 743 830 796 defensionem
846 744 919 794 urbi·

112 826 161 862 um
181 826 316 862 summam
338 810 423 863 habet
443 814 920 881 opportunitateu13quodetabio·

66 937 71 942 ,
112 880 213 932 cendio
234 881 315 947 lapis,
336 887 365 932 et
383 883 419 934 ab
434 883 523 933 ariete
546 884 818 947 materiadefendit,
838 898 919 950 quae,

112 951 256 1018 perpetuis
266 951 392 1003 trabibus
406 950 491 1019 pedes
501 953 696 1021 quadragenos
706 954 869 1022 plerumque
881 956 920 1004 io-

113 1025 226 1071 trorsus
245 1023 388 1084 revincta,
407 1036 498 1089 neque
516 1025 672 1091 perrumpi,
693 1040 785 1093 neque
801 1021 921 1076 distrahi

29 1117 33 1122 A
113 1094 267 1213 potqqu.
280 1123 321 1210 lis
332 1166 375 1210 tot
385 1160 469 1212 rebus
479 1125 921 1232 impeditaoppugnstione,mili·
1005 1159 1007 1166 ’

114 1236 170 1293 tes,
189 1245 272 1297 quum
284 1237 344 1281 toto
355 1237 481 1298 tempore
493 1231 561 1294 luto,
583 1232 690 1300 frigore
701 1240 730 1286 ct
739 1234 862 1286 adsiduis
872 1235 921 1282 im·

114 1301 212 1352 bribus
224 1300 418 1363 tardarentur,
439 1308 531 1352 tamen
547 1304 700 1354 continenti
716 1305 812 1357 labore
828 1303 921 1354 cornia

115 1366 186 1420 haec
199 1375 402 1434 superaverunt
416 1375 445 1422 et
459 1371 556 1422 diebus
571 1372 652 1424 XXV
666 1387 811 1440 aggerem,
831 1371 920 1422 latum

114 1437 201 1505 pedes
212 1439 366 1502 CCCXXX,
381 1439 468 1491 altum
481 1441 565 1506 pedes
576 1440 692 1500 LXXX,
712 1445 920 1493 exstruxerunt.

116 1507 206 1570 Quum
216 1511 242 1558 is
253 1524 361 1560 murum
372 1506 494 1560 bostium
506 1525 594 1576 paene
605 1513 794 1579 contingeret,
814 1516 844 1562 et
854 1511 921 1564 Gae-

116 1592 164 1628 sar
177 1577 212 1628 ad
227 1593 296 1645 opus
313 1581 512 1630 consuetudine
530 1580 681 1632 excubaret
696 1582 856 1647 militesque
877 1595 921 1631 co·

117 1645 291 1710 hortaretur,
311 1664 346 1699 ne
361 1649 433 1716 qued
447 1651 558 1700 omnino
576 1656 685 1716 tempus
696 1651 730 1702 ab
741 1666 827 1717 opere
837 1651 922 1700 inter·

117 1717 290 1769 mitteretur:
302 1717 398 1785 paullo
410 1726 476 1770 ante
487 1720 598 1772 tertiam
610 1721 730 1788 vigiliam
743 1726 787 1774 est
798 1719 921 1770 aninrsd·

116 1801 234 1849 versum,
244 1787 353 1838 fuorare
366 1803 505 1854 aggerem,
521 1805 603 1856 quem
615 1789 743 1840 cuniculo
755 1788 851 1842 hostes
862 1803 921 1840 suc·

116 1856 281 1908 ceuderant:
301 1857 453 1925 eodemque
472 1864 598 1925 tempore
618 1866 681 1912 toto
702 1875 781 1911 ruuro
799 1860 921 1912 elamore

114 1926 240 1989 sublato,
265 1927 372 1978 duabus
392 1929 478 1992 portis
499 1930 532 1980 ab
551 1939 671 1997 utroque
691 1929 779 1982 latere
800 1931 919 1981 turrium

115 1997 225 2061 eruptio
235 1995 330 2048 fiebat.
366 1998 421 2047 Alii
431 1996 505 2050 laces
515 2003 599 2065 atque
610 1999 716 2050 aridam
728 2001 875 2053 materiem
886 1998 920 2050 de

114 2080 195 2118 rouro
207 2067 236 2116 in
247 2081 380 2133 aggerem
395 2068 503 2118 eminus
514 2068 667 2131 iaciebant,
687 2070 775 2135 picem
786 2069 921 2137 reliquas-

115 2150 171 2204 que
183 2150 238 2198 res,
258 2137 360 2203 quibus
370 2137 442 2203 ignis
454 2139 569 2188 excitari
580 2145 682 2204 potest,
692 2138 862 2200 fundebant3
881 2143 922 2200 ut,

45 2233 48 2240 ·
116 2215 173 2273 quo
184 2206 302 2271 primum
313 2211 522 2270 occurreretur,
543 2214 592 2258 aut
603 2210 647 2261 eui
659 2210 699 2258 rei
715 2206 836 2258 ferretur
846 2208 921 2258 auxi-

115 2275 195 2337 lium,
205 2276 252 2326 rix
262 2277 335 2326 ratio
346 2277 411 2326 iniri
422 2283 523 2341 posset.
560 2278 682 2338 Tamen,
703 2277 778 2344 quod
791 2277 921 2328 instituto

116 2345 246 2396 Caesaris
263 2346 333 2398 duae
349 2360 457 2411 semper
473 2346 600 2412 legiones
617 2361 668 2412 pro
689 2347 789 2397 castris
805 2345 921 2396 excuba-

113 2413 199 2478 bant,
219 2415 368 2482 pluresque
384 2417 496 2483 partitis
512 2417 681 2482 temporibus
692 2420 773 2466 crant
788 2416 815 2465 io
827 2430 920 2482 opere,

116 2483 248 2536 celeriter
259 2485 363 2538 sactum
375 2494 428 2547 est,
440 2491 470 2536 ut
481 2484 529 2536 alii
542 2486 736 2551 eruptionibus
746 2484 921 2548 resisterent,

115 2553 165 2606 alil
180 2561 274 2606 turres
288 2555 455 2606 reducerent
474 2569 658 2622 aggeremque
674 2554 920 2620 interscinderent,

114 2625 204 2676 omnis
215 2640 281 2676 vero
292 2640 326 2676 ex
343 2625 443 2676 eastris
464 2625 615 2678 multitudo
636 2625 670 2678 sd
691 2624 918 2696 restinguendum

113 2701 303 2768 concurreret.
577 2709 578 2714 ’
