2150 3124
374 207 524 276 uranu
542 203 608 277 'nn
652 239 655 246 ¹
855 218 891 278 eo

35 337 40 346 '
79 343 144 379 rum
162 341 276 391 caussa,
294 325 344 379 sed
360 329 444 378 etiam
458 333 609 396 perpetuae
620 327 815 395 possessionis,
835 327 891 380 eul-

80 401 159 450 mina
180 397 290 464 Alpium
311 411 448 463 occupare
466 399 562 449 conari
581 403 610 450 et
630 413 664 450 ea
678 397 742 449 loca
756 399 890 450 finitimae

80 468 244 537 provinciae
258 466 423 534 adiungere,
438 467 490 518 sibi
500 482 662 534 persuasum
674 465 821 520 habebant.

135 538 182 590 lll.
217 536 269 586 llis
290 537 397 587 nunciis
416 538 550 605 acceptis,
570 537 672 600 Galba,
697 551 780 604 quum
801 552 892 605 neque

81 609 154 676 opus
169 605 349 658 hibernorum
363 607 589 674 munitionesque
602 608 685 674 plene
699 611 792 659 essent
801 606 890 672 perse·

82 685 162 740 ctae,
180 675 322 744 neque'de
337 674 477 728 frumento
487 678 648 745 reliquoque
658 683 814 728 commeatu
823 677 891 727 satie

82 751 160 799 esset
174 747 329 812 provisum,
349 745 437 814 quod,
456 745 598 799 deditione
612 745 686 798 facta
695 746 892 813 obsidibusque

56 820 60 826 '
83 813 300 882 acceptis,nihil
310 815 344 866 de
354 814 429 867 bello
439 816 591 868 timendum
604 816 820 879 existimaverat,
828 829 892 866 con·

66 899 70 906 ·
84 885 149 936 silio
160 886 292 937 celeriter
302 891 462 950 convocatu,
474 887 626 948 sententias
636 888 782 954 exquirere
793 887 893 951 coepit.

85 955 148 1018 Quo
159 956 188 1006 in
199 949 323 1017 consilio,
329 970 412 1023 quum
422 961 531 1007 tantum
542 956 679 1022 repentini
690 955 805 1022 periculi
815 967 894 1022 prae·

83 1032 131 1077 ter
137 1027 293 1091 opinionem
305 1023 459 1089 aeclesiam,
467 1040 500 1076 ae
508 1027 564 1075 ianr
576 1027 669 1077 omnia
680 1024 739 1078 iere
749 1025 894 1092 superiora

65 1138 70 1144 .
86 1091 893 1162 locamultimdinearmatorumcompletaeonspicerentur,

87 1169 178 1231 deque
192 1163 314 1215 subsidio
322 1165 430 1226 ueniri,
450 1179 541 1233 neque
556 1170 724 1217 commeatus
735 1163 893 1232 supportari

86 1233 892 1302 interclusisitineribuspossentpropeiamdesperatasa-

87 1304 162 1366 lute,
177 1302 326 1354 nonnullae
336 1301 496 1355 huiusmodi
502 1307 657 1356 sententiae
668 1303 843 1364 dicebantur,
852 1307 893 1364 ut,

87 1372 292 1440 impedimentis
303 1371 422 1435 relictis,
442 1375 586 1440 eruptione
597 1373 686 1436 faeta,
705 1373 803 1424 iisdem
813 1373 894 1422 itine-

87 1445 179 1506 ribus,
200 1443 298 1510 quibus
308 1456 341 1493 eo
352 1445 554 1510 pervenissent,
573 1442 737 1494 adsalutem
748 1439 894 1494 contende·

87 1519 160 1565 rent.
196 1512 405 1574 Maiori'tamen
419 1514 492 1578 parti
503 1513 622 1579 placuit,
640 1511 694 1562 hoc
703 1516 847 1563 reservato
858 1507 895 1568 ad

88 1587 242 1635 extremum
259 1577 391 1645 consilio,
408 1582 520 1633 interitu
536 1583 578 1634 rei
593 1586 720 1633 eventum
736 1579 855 1646 experiri
866 1582 896 1632 et

89 1649 352 1705 eastradefendere.
393 1703 397 1710 ,
539 1661 543 1672 ’
777 1678 780 1686 ·
804 1671 807 1678 ¹
885 1651 888 1660 ’

140 1719 183 1774 Ν.
223 1719 305 1771 Brevi
324 1721 414 1786 spatio
434 1721 595 1784 interiecto,
623 1719 669 1772 vix
688 1725 721 1772 ut
740 1717 782 1770 bis
802 1717 895 1780 rebus,

88 1805 159 1860 quas
169 1789 389 1852 constituissent,
399 1789 568 1842 collocandis
577 1795 660 1858 etque
669 1787 897 1842 administrandis

87 1862 199 1928 tempus
215 1858 340 1922 daretur,
359 1857 454 1911 hostes
470 1874 505 1911 ex
520 1861 645 1911 omnibus
660 1861 796 1926 partibus,
815 1860 895 1926 signo
929 1903 931 1910 ,

89 1929 175 1992 dato,'
185 1929 345 1990 decurrere,
360 1927 466 1994 lepides
477 1937 616 1997 gaesaque
626 1931 655 1981 in
666 1928 768 1981 vallum
779 1924 896 1981 eoniice'·

88 2015 132 2051 re:
153 1999 242 2049 nostri
261 1999 351 2064 primo
365 1999 482 2066 integris
498 2000 602 2050 viribus
611 1997 721 2052 fortiter
730 2011 895 2066 repugnare,

90 2066 273 2137 nequeullum
282 2067 389 2119 fnrstra
399 2069 486 2119 telum
498 2083 532 2119 ex
541 2068 603 2120 loco
614 2071 757 2135 superiore
768 2071 894 2118 mitteret

89 2143 121 2189 ut
138 2151 264 2206 quaeque
279 2147 343 2204 pars
354 2143 508 2188 casnetum
519 2139 622 2190 nudata
632 2134 823 2190 defensoribus
833 2150 894 2208 pre·

91 2207 291 2270 minuebatur,
302 2221 335 2258 eo
346 2221 492 2260 occurrere
504 2213 533 2260 et
542 2207 675 2260 auxilium
685 2207 772 2260 serre:
783 2206 831 2258 sed
842 2203 895 2258 boo

89 2277 214 2343 superari
221 2313 230 2340 ,
254 2275 330 2345 quod
348 2275 531 2332 'diuturnitate
549 2291 657 2344 pugnae
677 2275 771 2327 hostes
792 2272 895 2326 defessi

88 2341 201 2414 proeli‘o'
207 2345 388 2410 excedebant,
402 2346 448 2396 alii
457 2348 572 2414 integris
582 2347 685 2398 viribus
695 2340 893 2396 succedebant'r

90 2429 206 2484 quarum
226 2430 320 2467 rerum
337 2430 355 2466 a
368 2417 595 2482 nostrispropter
603 2416 772 2482 paucitatem
783 2413 842 2464 lieri
854 2411 895 2462 ni·

89 2485 128 2537 bil
137 2490 248 2552 poteret
259 2499 357 2536 aenon
367 2484 570 2536 mododefeesc
585 2497 620 2535 ex
630 2497 722 2550 pugna
732 2480 892 2543 excedendi,

89 2554 137 2608 sed
148 2570 182 2606 ne
192 2555 285 2607 saucio
296 2554 407 2621 quidem
418 2555 477 2605 'eius
486 2554 554 2617 locl',
573 2555 620 2605 ubi
631 2554 804 2615 constiterat,
812 2550 893 2604 relin·

91 2625 190 2696 quendi
200 2640 233 2678 ac
242 2625 285 2674 sui
296 2624 446 2690 recipiendi
457 2622 574 2675 incultas
585 2623 710 2674 dabatur.

140 2691 175 2747 V.
211 2693 302 2755 Quum
317 2695 374 2744 iem
390 2693 509 2760 amplius
519 2690 651 2744 borieeex
662 2691 835 2742 mutinenter
845 2655 893 2754 pu-

91 2767 223 2832 gnaretur
237 2777 270 2816 ae
283 2777 339 2814 uon
355 2761 445 2816 solum
460 2763 547 2828 vires,
566 2762 615 2816 sed
627 2760 780 2818 etiamtelu
789 2756 893 2832 nostris
