2152 3144
203 229 255 281 sao
412 227 467 278 na
489 213 629 280 linono
652 228 786 284 cuntai

175 349 180 356 ·
202 330 348 385 Thessalia
359 327 520 398 Aetoliaque
532 323 617 400 legati
627 331 778 395 venissent,
805 334 851 402 qui
863 333 1004 400 pracsidio

201 403 287 454 misso
298 401 511 468 pollicerentur,
533 415 628 452 aarum
644 403 768 470 gentium
781 403 908 455 civitates
918 405 1006 470 inipe-

199 477 264 523 rata
283 471 417 533 facturas,
438 470 470 522 1..
491 473 615 522 cassium
631 471 790 542 Longinum
811 488 873 525 cum
896 473 1007 540 legione

198 543 337 604 tironum,
348 551 419 609 qnae
431 529 624 606 adpellahatur
635 543 770 610 vigesima
779 543 906 610 septima,
919 549 1006 612 atquo

201 615 341 680 equitibus
356 612 481 663 ducentis
497 613 523 660 in
540 608 726 675 Thessaliam3
748 613 777 662 C.
790 612 939 664 Calvisium
957 611 1008 664 Sa.

170 689 173 694 '
200 685 295 735 binum
308 697 370 734 cum
387 679 546 732 cohortibus
563 682 684 748 quinque
701 683 849 749 paucisque
863 682 1005 749 equitibus

199 756 229 805 in
241 752 378 805 Aetoliam
390 752 475 813 misit,
495 751 669 818 maximeque
687 765 744 814 eos,
767 751 839 820 quuod
851 759 932 804 eraut
942 767 1005 820 pro·

200 825 321 892 pinquae
331 822 470 888 regiones,
492 817 526 870 de
539 834 569 870 re
580 819 764 872 frumentaria
773 826 804 872 ut
816 821 1004 892 providerent,

200 893 330 944 hortatus
341 897 393 942 ost.
430 889 478 939 Cn.
490 889 642 939 Domitium
655 889 797 942 Calvinum
813 897 876 942 c'um
886 892 1003 958 legioni·

200 965 252 1014 hus
268 962 388 1022 duabus,
414 959 560 1009 undecima
575 964 605 1008 et
619 958 798 1025 duodecima,
819 965 848 1014 et
864 963 1004 1030 equitibus

200 1033 361 1100 quingentis
379 1031 412 1080 iu·
429 1027 623 1079 Macedoniam
645 1031 783 1095 proticisci
805 1032 894 1083 iubet:
925 1033 1004 1083 cuius

198 1103 357 1168 provinciae
367 1098 402 1149 ab
413 1114 446 1150 aas
456 1103 548 1162 parte,
570 1113 640 1164 quae
651 1099 737 1150 libera
748 1099 921 1167 adpellalur,
942 1101 1003 1152 Ma·

198 1172 342 1231 sedemus,
353 1172 479 1235 princeps
488 1177 584 1218 earum
595 1169 752 1236 regionum,
771 1171 872 1221 missus
885 1170 1002 1240 legatus,

198 1242 321 1294 omnium
333 1253 447 1290 suorum
460 1237 599 1289 excellens
611 1238 734 1290 studium
745 1237 939 1306 profitebatur.

252 1310 367 1362 XXXV.
389 1309 432 1360 Ex
444 1305 486 1360 his
498 1307 642 1371 Calvisius,
659 1309 749 1375 primo
761 1308 882 1362 adventu
894 1326 1004 1364 sunrma

199 1383 321 1434 omnium
342 1378 504 1432 Aetolorum
526 1382 654 1442 receptus
676 1379 833 1443 voluntate,
854 1380 1002 1447 praesidiis

197 1447 421 1504 adversariorum
434 1446 576 1514 Calydone
587 1453 616 1498 et
627 1446 903 1515 Naupactoini'ectis,
925 1451 1001 1502 omni

196 1521 308 1574 Aetolia
321 1522 427 1589 potitus
442 1523 491 1572 est„
529 1517 640 1568 Cassius
654 1518 683 1567 in
699 1516 873 1571 Thessaliam
886 1535 947 1571 cum
963 1520 1002 1572 lc·

196 1593 281 1658 giorw
300 1590 435 1656 pervenit.
471 1587 525 1638 iiic
544 1595 631 1655 quum*
649 1594 743 1639 essent
765 1587 901 1640 factiones
920 1589 1002 1654 duae,

196 1663 275 1711 sario
293 1660 438 1711 uoluntate
459 1659 600 1708 civitatum
622 1658 761 1709 utebatur.
798 1659 1001 1726 Hagesaretos,

196 1732 299 1782 veteris
310 1728 394 1780 homo
406 1729 556 1794 potentiae,
573 1725 749 1791 Pompeianis
761 1727 844 1778 rebus
856 1728 1001 1780 studebat:

196 1798 320 1858 Pietatis,
338 1811 462 1848 summae
473 1795 625 1848 nobilitatis
637 1795 809 1860 adolescens,
826 1797 883 1848 suis
892 1813 924 1848 ac
935 1813 999 1850 suo-

195 1883 256 1919 rum
269 1868 367 1932 opibus
379 1868 525 1926 Caesarem
543 1865 624 1914 enixe
634 1863 756 1916 iuvabat.

248 1936 376 1990 XXXVI.
394 1934 555 2000 Eodemque
569 1937 696 1997 tempora
711 1933 850 1985 Domitius
865 1933 893 1984 in
904 1933 998 1987 Mace-

195 2005 306 2057 doniam
319 2006 442 2067 renitet,
464 2017 547 2072 quum
560 2001 595 2052 ad
611 2016 672 2052 eum
684 2002 843 2070 frequentes
853 2003 997 2056 civitatum

194 2076 351 2144 legationes
368 2076 516 2126 convenire
527 2073 690 2138 coepissent,
708 2074 867 2124 nunciatum
881 2079 931 2136 est,
950 2074 998 2126 ad·

194 2161 255 2198 esse
272 2145 427 2212 Scipionem
444 2157 505 2195 cum
520 2141 685 2210 legionibus,
703 2157 805 2211 magna
824 2149 853 2195 et
867 2145 997 2210 opinione

195 2216 309 2268 etfama
324 2217 457 2268 omnium:
476 2229 541 2265 nam
558 2212 723 2280 plerumque
737 2215 766 2265 iu
782 2215 905 2266 novitate
923 2213 997 2265 fama

195 2286 344 2339 antecedit.
388 2285 451 2347 Hic,
471 2283 548 2335 nullo
558 2285 586 2334 in
597 2283 657 2334 locu
669 2281 852 2336 Macedoniae
863 2290 996 2346 moratus,

195 2371 297 2423 magno
308 2358 413 2422 impetu
424 2354 542 2406 tetendit
553 2353 587 2406 ad
599 2353 751 2404 Domitium
764 2359 801 2416 et,
822 2369 906 2422 quum
917 2353 952 2404 ab
961 2369 995 2406 eo

194 2426 272 2478 milia
282 2440 413 2494 passuum
422 2425 520 2493 viginti
531 2423 775 2487 abluisset,subito
787 2437 817 2475 se
829 2423 864 2475 ad
871 2423 996 2476 Cassium

195 2494 352 2562 Longinum
363 2495 391 2546 in
402 2493 577 2546 Thessaliam
589 2495 735 2564 convertit.
770 2494 832 2546 Hoc
843 2493 912 2544 adeo
924 2492 995 2544 cele·

194 2563 347 2626 riteriecit,
365 2569 397 2615 ut
419 2563 501 2614 simul
523 2563 622 2618 adesse
643 2569 672 2616 et
689 2565 784 2616 venire
805 2564 984 2614 nunciaretur

194 2632 239 2693 Et,
251 2646 304 2699 quo
316 2634 371 2684 iter
382 2632 538 2700 expeditius
549 2631 664 2696 laceret,
682 2633 721 2686 Μ.
736 2633 886 2686 Favonium
898 2632 932 2684 ad
943 2625 993 2684 nu-

194 2714 255 2752 men
269 2700 487 2762 Haliacmonem,
505 2699 579 2770 quod
599 2696 792 2755 Macedoniam
813 2717 830 2754 a
850 2701 993 2756 Thessalia

192 2767 301 2832 dividit,
320 2785 380 2823 cam
393 2768 555 2824 cohortibus
567 2777 630 2823 octo
641 2773 778 2840 praesidio
789 2771 991 2840 impedimentis
