2168 3134
361 181 513 259 crosa
537 179 621 235 vrrs.
835 179 888 234 coo
945 183 948 190 ’

135 284 210 339 ΧΙΧ.
230 284 321 348 Quum
332 284 475 352 dispositis
487 286 587 337 turmis
599 285 630 336 in
643 285 727 336 ricem
740 282 796 335 rari
808 299 886 351 proe-

80 358 234 418 limentur,
254 371 343 423 neque
358 357 393 408 ab
407 355 542 407 lateribus
554 355 746 406 circumveniri
764 369 830 404 suos
843 369 888 420 pa·

80 432 224 480 serentur:
244 431 395 492 erumpunt
405 425 500 486 ceteri,
511 425 615 476 Correo
628 424 782 492 proeliante
795 437 829 474 ex
841 424 887 474 sil·

81 497 133 547 ris.
180 494 226 546 Fit
247 509 347 562 magna
367 495 547 547 contentione
574 494 712 546 diversum
743 492 887 559 proelium.

82 564 167 627 Quod
178 579 261 631 quum
272 563 377 616 diutius
389 565 448 630 pari
459 565 551 616 Marte
563 565 690 626 iniretur,
702 563 842 629 paullatim
855 577 891 612 ex

83 635 163 686 silvis
184 636 322 685 instructa
342 633 491 692 multitudo
511 633 637 699 procedit
657 635 794 698 peditum,
819 647 891 700 quac

84 709 201 755 nostros
213 705 308 771 coegit
318 704 418 756 cedere
431 705 552 770 equites:
576 703 675 769 quihus
688 703 818 754 celeriter
828 703 891 754 sub·

83 775 202 826 ueniunt
212 773 280 824 levis
292 784 449 826 armaturae
465 773 584 840 pedites,
606 788 676 840 quos
687 779 753 824 ante
764 772 892 839 legiones

85 844 188 894 missos
199 842 290 904 docui,
305 845 458 910 turmisque
470 846 629 896 nostrorum
640 843 811 908 interpositi,
827 856 892 894 con·

85 917 196 963 stanter
212 912 393 977 proeliantur.
422 913 564 980 Pugnatur
574 912 744 980 aliquamdiu
757 913 815 978 pari
827 926 893 963 con»

85 985 226 1033 tentione:
246 981 356 1045 deinde,
367 989 400 1033 ut
410 983 483 1034 ratio
493 982 656 1048 postulabat
666 982 775 1048 proelii,
790 982 836 1049 qui
849 996 892 1030 su·

86 1053 247 1102 stinuerant
257 1053 362 1118 primos
374 1056 494 1117 impetus
506 1051 677 1112 insidiarum,
688 1050 741 1103 lroc
751 1054 809 1118 ipso
822 1053 893 1102 liunt

86 1121 261 1187 superiores,
280 1123 354 1188 quod
365 1123 470 1174 nullum
482 1123 516 1172 ab
527 1122 723 1174 insidiantibus
735 1121 894 1188 impruden·

87 1199 133 1242 trs
145 1197 310 1256 acceperant
325 1192 531 1244 detrimentum.
567 1191 710 1243 Accedunt
725 1195 836 1259 propius
852 1191 892 1240 in·

88 1262 172 1311 terim
186 1259 322 1326 legiones,
344 1262 490 1328 crebrique
503 1260 600 1312 eodem
614 1266 738 1329 tempore
750 1269 777 1312 et
789 1259 893 1312 nostris

87 1337 119 1380 et
131 1327 255 1380 hostibus
268 1332 362 1382 nuncii
376 1331 558 1392 adseruntur,
576 1331 775 1397 imperatorem
792 1332 893 1381 instru·

89 1400 142 1449 ctis
154 1401 239 1464 copiis
252 1400 357 1452 adesse.
394 1400 455 1461 Qua
467 1401 632 1467 recognita,
647 1401 786 1466 praesidio
798 1397 894 1452 cohor·

90 1471 159 1520 tiurn
173 1471 269 1519 conlisi
280 1472 369 1521 nostri
380 1472 513 1521 acerrime
525 1468 711 1537 proeliantur,
731 1485 781 1531 ne,
799 1471 825 1540 pi
840 1474 896 1518 tar·

89 1537 154 1588 dius
167 1554 223 1590 rem
237 1534 402 1606 gessissent,
408 1541 542 1590 victoriae
549 1539 664 1606 gloriam
677 1540 896 1592 communicasse

89 1621 153 1658 curn
164 1609 319 1676 legionibus
330 1610 501 1662 viderentur.
518 1610 623 1660 Hostes
635 1608 784 1660 concidunt
795 1609 896 1660 animis

90 1684 174 1744 atque
189 1679 335 1730 itineribus
351 1679 469 1732 dirersis
488 1677 583 1746 fugam
593 1685 739 1746 qireerunt.
775 1678 896 1746 b'equid·

90 1762 187 1813 quam:
206 1762 269 1798 nam
281 1749 380 1814 quibus
396 1748 605 1800 difficultatibus
620 1750 745 1800 locorum
757 1748 896 1800 Romanos

92 1816 220 1868 claudere
232 1817 390 1879 voluerant,
411 1820 445 1869 iis
457 1819 511 1885 ipsi
523 1820 704 1871 tenebantur:
723 1821 788 1871 ricti
800 1825 895 1872 tumen

92 1886 280 1955 perculsique,
301 1889 406 1946 maiore
417 1895 496 1956 parte
509 1890 624 1951 amissa,
644 1904 698 1957 quo
711 1888 769 1940 fors
781 1889 896 1952 tulerat,

91 1958 263 2008 ninnsterneti
276 1955 450 2025 profugiunt,
462 1960 564 2024 partim
575 1959 652 2010 silvis
665 1961 774 2026 petitis,
792 1961 896 2026 partim

90 2024 219 2088 llurnine;
237 2027 283 2092 qui
304 2031 398 2078 tannen
419 2029 447 2078 in
469 2027 536 2096 luga
552 2030 685 2080 anostris
707 2031 809 2081 ueriter
824 2031 897 2080 inse·

91 2096 242 2162 qrrentibus
258 2097 454 2148 conficiuntur:
475 2112 558 2165 quum
571 2099 684 2149 interim
698 2099 774 2149 nulla
784 2099 895 2150 calami-

91 2171 149 2216 tate
160 2165 248 2216 rictus
260 2165 380 2217 Correus
393 2166 529 2219 excedere
545 2168 652 2234 proelio
664 2168 803 2235 silvasque
818 2175 895 2234 pete·

90 2249 131 2297 re,
154 2239 216 2297 out,
236 2235 420 2287 invitantibus
432 2237 536 2288 nostris
548 2237 583 2288 ad
596 2236 783 2299 deditionem,
802 2238 896 2302 potuit

89 2303 197 2366 adduci,
220 2305 300 2371 quin,
322 2303 477 2357 fortissime
498 2306 661 2372 proeliando
682 2306 894 2374 compluresque

90 2373 279 2440 vulnerando,
302 2381 417 2444 cogeret
429 2375 519 2428 elatos
534 2375 680 2430 iracundia
691 2376 811 2428 victores
820 2377 852 2428 in
863 2391 894 2428 se

90 2443 146 2496 tola
158 2445 305 2501 coniicere.

141 2511 202 2566 XX.
222 2514 287 2566 Tali
304 2513 388 2568 modo
399 2529 429 2566 re
446 2519 542 2582 gesta,
563 2515 723 2567 recentibus
739 2514 894 2582 proeliive·

90 2583 182 2650 stigiis
197 2584 344 2652 ingressus
356 2586 474 2648 Caesar,
495 2600 579 2652 quum
594 2586 682 2636 victos
694 2590 774 2636 tants
785 2585 895 2636 calanri·

90 2658 149 2703 tate
162 2654 338 2706 existimaret
349 2651 457 2716 hostes,
480 2655 580 2708 nuncio
597 2661 726 2722 eccepto,
748 2655 838 2708 locum
851 2668 895 2705 ea·

20 2775 22 2782 ,
90 2731 215 2843 strpnunp³
228 2723 392 2787 relicturos,
414 2737 486 2791 quac
502 2739 559 2801 non
576 2725 687 2848 lougiug
704 2725 739 2778 ab
756 2740 791 2778 ea
808 2722 893 2777 coede

138 2805 182 2844 cc.
215 2804 275 2842 ans.
