2134 3148
334 183 598 240 armenam.
824 183 905 250 423,

6 283 10 296 '
46 281 51 292 ”
70 290 138 356 quit,
160 284 251 354 Scipio
271 285 420 354 imperator
436 285 484 338 doc
500 295 621 354 tempore
637 287 734 355 populi
749 286 876 342 Romani.

69 357 180 410 Deinde
194 357 224 407 in
240 362 389 422 conspectu
410 373 461 409 suo
478 358 613 422 captivum
635 360 731 408 statim
753 358 877 409 interfici

69 427 147 479 iubet
166 427 332 493 litterasque
347 427 470 477 nondum
486 426 634 494 perlectas,
654 428 728 478 sicut
742 431 824 479 erant
840 429 876 478 si·

69 505 185 565 gnatae,
201 496 249 547 dat
260 494 366 546 homiui
378 502 456 547 certo
467 496 502 547 ad
514 495 673 562 Scipionem
685 497 876 563 perferendas.

122 566 155 618 V.
175 565 338 633 Postquam,
358 581 414 616 una
426 570 507 616 nocte
519 571 548 617 et
560 565 605 618 die
622 567 657 617 ad
669 567 801 633 oppidum
813 581 876 617 con·
966 607 967 610 ,

69 644 175 698 sunrta,
196 650 287 702 neque
297 650 461 701 responsura
473 635 560 686 ullum
570 651 587 686 a
599 637 730 688 Considio
743 635 877 698 elebatum

70 721 160 773 neque
172 705 197 755 ei
208 705 333 773 reliquae
345 707 442 771 copiae
455 706 669 768 succurrebant;
691 721 781 772 neque
803 707 877 772 equi·

70 781 133 825 tatu
149 774 320 836 abundabat;
340 780 369 826 ct
385 775 420 826 ad
436 774 565 841 oppidum
587 776 802 843 oppugnandum
820 789 877 825 non

70 847 138 894 satis
150 846 292 909 copiarum
305 843 438 908 habebat,
458 850 486 896 et
501 860 548 895 eas
564 847 700 908 tironum3
720 861 809 912 neque
821 845 876 911 pri-

71 931 115 965 mo
128 915 250 965 adventu
267 913 461 965 convulnerari
477 915 630 970 exercitum
646 917 771 978 uolebat3
791 923 819 966 et
831 929 877 980 op-

71 985 128 1051 pidi
150 986 264 1052 egregia
285 985 403 1035 munitio
416 990 446 1035 et
462 983 581 1036 dillicilis
603 986 638 1036 ad
660 985 876 1054 oppugnandum

70 1062 132 1106 erat
144 1069 284 1116 accessus3
296 1059 333 1104 et
344 1054 550 1106 nunciabantur
565 1056 669 1107 auxilia
685 1071 786 1123 magna
803 1057 877 1123 equi·
898 1091 909 1112 ‚-

69 1130 146 1176 tatus
158 1125 302 1190 oppidanis
318 1127 462 1190 suppetias
477 1127 586 1189 renire3
606 1141 660 1177 non
674 1134 717 1177 est
728 1128 787 1177 risa
803 1129 876 1176 ratio

70 1194 105 1245 ad
117 1193 334 1262 oppugnandum
347 1195 479 1260 oppidum
491 1196 689 1258 commorandi,
705 1203 750 1258 nc,
769 1196 832 1247 dum
845 1197 885 1260 in,

70 1280 104 1315 cu
116 1280 146 1316 re
158 1267 262 1316 Caesar
279 1269 355 1315 esset
372 1271 533 1331 occupatus,
555 1267 757 1318 circumventus
768 1271 876 1334 atergo

68 1335 104 1386 ab
117 1335 243 1402 equitatu
254 1331 375 1384 hostium
385 1331 536 1386 laboraret.

67 1443 71 1449 -
122 1405 169 1457 Vl.
187 1405 295 1470 ltaque,
312 1409 403 1454 castra
413 1420 496 1471 quum
509 1401 622 1456 movere
634 1405 728 1468 vellet,
738 1407 831 1458 subito
842 1421 877 1458 ex

70 1473 171 1542 oppido
194 1475 287 1539 erupit
308 1473 460 1525 multitudo
481 1480 565 1540 atque
587 1476 729 1542 equitatus
752 1476 876 1540 subsidio

68 1560 125 1594 uno
142 1549 267 1610 temporo
284 1545 324 1594 eis
340 1559 404 1594 casu
421 1545 573 1606 succurrit,
594 1546 639 1612 qui
658 1551 719 1596 erat
730 1547 830 1596 criasus
841 1546 876 1596 ab
972 1606 974 1613 s

67 1615 138 1668 Iuba
153 1613 189 1665 ad
207 1613 375 1681 stipendium
396 1614 603 1680 accipiendum,
623 1622 769 1682 castraque
776 1653 783 1678 ,
802 1617 876 1666 unde

69 1685 172 1736 Caesar
194 1698 324 1750 egressus
346 1685 401 1734 iter
423 1682 514 1736 lacero
531 1690 670 1754 coeperat,
693 1694 831 1752 occupant
848 1693 878 1736 et

68 1755 129 1806 eius
142 1768 241 1822 agmen
254 1760 409 1804 extremum
424 1755 530 1821 insequi
542 1762 704 1821 coeperunt.
740 1755 876 1816 Quaeres

68 1839 153 1891 quum
174 1823 366 1875 animadversa
388 1829 477 1887 esset,
504 1826 595 1877 subito
618 1824 765 1892 legionarii
788 1828 876 1876 consi-

67 1899 156 1956 stunt,
168 1899 197 1944 et
209 1897 327 1962 equites,
339 1909 504 1962 quamquam
515 1900 596 1946 erant
607 1897 695 1964 pauci,
707 1901 800 1946 tamen
812 1910 876 1946 con·

68 1970 113 2016 tra
133 1969 240 2015 tantam
260 1964 469 2016 multitudinem
490 1965 675 2016 audacissime
697 1971 874 2017 concurrunt.

68 2033 177 2084 Accidit
197 2049 242 2084 res
264 2035 446 2097 incredibilis,
469 2041 499 2084 ut
520 2039 629 2103 equites
648 2037 738 2086 minus
756 2036 876 2102 triginta

69 2103 143 2155 Galli
155 2103 317 2154 Maurorum
340 2107 464 2171 equitum
476 2105 531 2156 duo
547 2105 624 2156 milia
644 2105 706 2156 loco
726 2104 876 2172 pellerent,

68 2177 279 2241 arguerantque
289 2175 318 2224 in
330 2174 468 2241 oppidum.
493 2173 643 2241 Postquam
654 2173 762 2240 repulsi
773 2179 801 2224 et
811 2187 874 2224 eon·

69 2243 134 2295 iccti
146 2248 227 2294 erant
238 2245 312 2304 intra
321 2244 500 2304 munitiones,
512 2245 614 2295 Caesar
624 2245 679 2295 iter
690 2245 874 2294 constitutum

67 2315 109 2366 ire
121 2313 275 2365 contendit.
305 2313 385 2374 Quod
397 2327 480 2378 quum
492 2315 604 2380 saepius
615 2314 741 2364 facerent
752 2317 781 2363 et
791 2311 875 2362 modo

68 2384 294 2450 insequerentur,
307 2382 389 2434 modo
400 2389 496 2433 rursus
504 2384 538 2434 ab
549 2384 690 2450 equitibus
701 2384 731 2433 in
743 2382 875 2448 oppidum

69 2452 287 2520 repellerentur:
306 2450 466 2503 cohortibus
479 2453 574 2518 paucis
585 2468 620 2506 ex
630 2453 785 2515 veteranis,
806 2465 872 2518 quas

67 2537 161 2574 secum
172 2520 299 2583 habebat,
311 2524 340 2572 in
350 2528 475 2574 extremo
486 2523 596 2590 agmine
609 2523 761 2583 collocatis,
772 2527 801 2573 ct
811 2537 873 2588 par·

68 2599 95 2643 te
108 2592 260 2658 equitatus,
282 2593 337 2642 iter
347 2593 451 2643 leniter
461 2608 524 2643 cum
536 2593 652 2660 reliquis
665 2591 758 2643 facere
770 2592 871 2660 coepit.

66 2663 123 2725 lta,
146 2667 249 2729 quanto
266 2662 376 2730 lougius
392 2663 425 2711 alr
443 2663 543 2730 oppido
559 2663 769 2725 discumbatur,
790 2666 870 2712 tanto

68 2731 205 2785 tardiores
216 2731 251 2786 ad
263 2732 464 2804 insequendum
477 2741 558 2786 erant
569 2733 715 2787 Numidae.
752 2733 867 2787 Interim
