2150 3124
140 158 212 216 <ro
368 155 425 210 un
444 149 588 228 asnaa
612 146 799 208 traceseo

175 269 266 326 latere
282 265 341 316 eius
351 260 431 314 collis
441 265 627 312 transversam
638 257 741 310 fossam
752 256 867 310 obduxit
878 257 990 308 circiter

175 351 306 407 passuum
313 336 333 386 c
341 335 409 395 D,et
414 331 449 382 ad
457 325 595 382 entremas
605 327 696 382 fossas
707 327 824 380 castella
835 327 986 389 constituit,

155 463 157 467 ,
176 411 269 474 ibique
283 407 424 456 tormenta
439 399 598 464 collocavit,
618 414 668 462 ne,
687 414 769 467 quum
786 398 985 450 acieminstru·

175 480 276 538 sisset,
305 472 411 540 hostes,
432 469 504 537 quod
525 475 633 520 tanturn
650 463 829 520 multitudine
848 472 985 534 poterant,

177 549 212 600 ab
232 545 367 596 lateribus
387 545 542 607 pugnantes
562 555 626 591 suos
647 539 844 588 circumvenire
864 542 984 606 possent.

176 617 241 672 Iloc
251 614 339 675 facto,
354 611 460 662 duabus
471 610 640 679 legionibus,
651 623 720 674 quas
730 609 855 674 proxime
867 607 984 668 conscri-

176 690 285 755 pserat,
304 685 333 732 in
344 681 442 732 castris
453 679 572 742 relictis,
582 685 627 742 ut,
638 681 661 729 si
673 692 727 746 qua
738 693 807 744 opus
817 682 905 743 esset,
924 676 985 726 sub·

177 756 247 808 sidio
264 753 327 804 duci
340 754 465 817 possent,
486 749 607 817 reliquas
615 763 670 816 sex
686 747 810 814 legiones
826 761 874 814 pru
886 747 985 797 castris

177 827 207 880 in
218 826 276 876 acie
287 821 439 872 constituit¹
474 819 578 870 Hostes
588 820 655 870 item
665 831 729 868 suas
740 819 832 884 copias
843 831 878 868 ex
889 817 986 866 castris

180 896 294 948 eductas
304 893 503 941 instruxerant.
615 946 617 952 ¹

231 964 280 1013 iX.
316 959 399 1011 Palus
415 962 476 1008 erat
492 972 547 1008 non
562 972 663 1025 magna
676 957 751 1008 inter
766 961 891 1024 nostrum
904 959 986 1022 atque

178 1033 298 1086 bostium
311 1029 472 1080 exercitum.
495 1027 576 1077 Hanc
586 1027 610 1078 si
619 1029 708 1078 nostri
719 1030 882 1087 transirent,
893 1024 987 1076 hostes

180 1099 388 1167 exspectabant:
411 1097 500 1146 nostri
510 1102 616 1160 autern,
636 1098 659 1146 si
669 1098 702 1148 ab
714 1096 769 1148 illis
778 1098 886 1147 initium
898 1101 987 1145 trans

179 1171 262 1226 etrndi
282 1170 375 1230 fieret,
395 1172 427 1215 ut
441 1166 587 1232 impeditos
601 1165 834 1233 adgrederentur,
853 1167 943 1232 parati
958 1167 987 1215 in

178 1243 263 1294 armis
289 1242 377 1289 erant.
413 1234 527 1287 Interim
552 1237 660 1303 proelio
684 1237 805 1303 equestri
825 1237 898 1287 inter
918 1235 986 1286 duas

178 1313 250 1362 acies
265 1305 491 1359 contendebatur.
528 1307 580 1358 Ubi
595 1305 686 1364 neutri
700 1305 861 1358 transeundi
877 1307 984 1355 initium

177 1380 299 1441 l'aciunt,
320 1376 484 1428 secundiore
499 1379 620 1445 equitum
633 1376 738 1442 proelio
749 1378 863 1439 nostris,
884 1377 986 1426 Caesar

178 1465 244 1510 suos
264 1451 292 1499 in
308 1451 398 1498 castra
412 1446 533 1498 reduxit.
568 1447 673 1498 Hostes
689 1449 815 1514 protinus
830 1460 863 1498 ex
878 1445 986 1506 eoloco

179 1521 215 1572 ad
229 1519 332 1570 flumen
343 1520 467 1584 Axonam
478 1516 693 1580 contenderunt,
713 1517 786 1586 quod
796 1531 856 1567 esse
867 1519 930 1580 post
940 1529 987 1564 nu-

180 1597 246 1646 stra¹
261 1593 352 1640 castra
372 1587 591 1639 demonstratum
616 1592 668 1638 est.
703 1588 744 1639 lbi
764 1584 839 1636 radis
859 1584 986 1650 repertis,

179 1664 286 1727 partem
303 1673 418 1709 suarum
430 1659 571 1722 copiarum
582 1655 761 1707 transducere
773 1655 863 1706 conati
875 1659 940 1703 sunt
951 1667 985 1702 eu

180 1728 309 1790 consilio,
329 1732 373 1788 ut,
393 1728 417 1776 si
431 1730 557 1792 possent,
577 1725 733 1786 castellum,
754 1727 796 1776 cui
811 1727 940 1790 praeerat
951 1722 985 1783 Q.

179 1797 306 1850 Titurius
322 1796 445 1860 legatus,
466 1800 657 1860 expugnarent
667 1801 832 1860 pontemque
842 1792 986 1860 interscin·

179 1865 290 1927 tierent3
307 1865 329 1914 si
341 1865 429 1913 minus
441 1866 609 1930 potuissent,
620 1877 701 1929 agros
715 1865 861 1913 Remorum
872 1861 986 1928 popula·

179 1940 289 1997 rentur,
308 1934 354 2000 qui
371 1930 472 1999 magno
488 1934 567 1985 nobis
584 1933 647 1982 usui
662 1931 698 1982 ad
712 1931 819 1992 bellumv
834 1931 986 1999 gerendum

180 2010 271 2067 erant,
283 2007 494 2069 commeatuque
505 2008 615 2054 nostros
626 2001 813 2067 prohiberent.

231 2075 266 2125 X.
303 2074 418 2134 Caesar,
443 2074 546 2124 certior
566 2070 655 2122 factus
675 2071 710 2123 ab
729 2073 855 2136 titurio,
876 2086 985 2123 omnem

181 2146 334 2212 equitatum
355 2147 383 2194 et
403 2141 473 2192 levis
487 2146 643 2194 armaturae
659 2141 805 2208 Numidas,
830 2142 986 2194 funditores

180 2216 392 2282 sagittariosque
412 2217 524 2277 pontem
543 2211 698 2263 transducit
714 2218 796 2280 atque
812 2212 848 2264 ad
865 2227 912 2264 eos
923 2225 986 2262 curr-

180 2285 275 2338 tendit.
311 2283 418 2334 Acriter
432 2284 464 2338 ‚in
485 2297 518 2333 eo
538 2281 601 2332 loco
621 2287 772 2350 pugnatum
794 2289 844 2335 est.
879 2283 986 2334 Hostes

181 2355 327 2421 impeditus
337 2353 426 2403 nostri
435 2353 464 2401 in
475 2351 589 2404 flumine
599 2352 736 2420 adgressi,
746 2368 876 2420 magnum
889 2366 986 2402 corum

179 2438 326 2476 numerum
342 2422 509 2474 occiderunt.
544 2421 599 2473 Per
613 2437 709 2474 eorum
724 2438 841 2489 corpora
855 2421 988 2488 reliquos,

181 2493 362 2545 audacissime
376 2493 496 2544 transire
511 2498 657 2554 conantes,
677 2492 854 2544 multitudine
866 2491 986 2542 telorum

179 2562 355 2629 repulerunt3
385 2565 503 2629 primos,
524 2563 570 2631 qui
590 2564 772 2626 transierant,
792 2565 917 2630 equitatu
935 2561 987 2610 cir·

181 2638 342 2684 coniventos
362 2632 570 2687 interfecerunt·
605 2633 723 2697 Hostes,
743 2635 790 2686 ubi
811 2637 838 2684 et
857 2631 986 2695 deexpu-

179 2701 289 2769 girando
300 2702 413 2773 oppido,
435 2703 508 2758 etde
519 2702 631 2762 fluorins
642 2703 810 2762 transeundo
820 2715 894 2770 spem
906 2714 936 2754 se
947 2698 986 2752 is·
