2152 3132
316 214 319 219 ·
388 184 594 240 LtBsav.
841 181 886 238 tot

81 291 174 342 nibus:
196 287 289 340 lobum
301 291 408 356 reperit
418 291 529 356 egregie
542 297 642 342 natura
652 293 888 358 atqueoperenruf

79 363 184 420 nitum3
211 363 306 410 tamen
324 358 397 410 hone
413 359 520 410 duabus
537 374 572 411 ex
587 360 714 425 pertibus
726 374 889 425 oppugnare

79 427 235 481 mutendit.
270 427 391 488 Hostes,
413 429 569 496 paullisper
580 431 694 491 morati,
717 429 889 480 militamuo-

77 505 204 549 strnrunr
216 499 348 565 impeturn
360 513 417 550 non
428 498 556 550 tulerunt
567 514 684 567 seseque
696 497 751 548 alia
763 512 796 548 ex
809 504 889 562 parte

80 567 175 634 oppidi
192 570 344 618 eiecerunt.
380 569 501 635 Magnus
517 569 554 617 ibi
572 568 889 633 irrrmeruspeeor'is1·e·

79 640 188 756 pelrftus,
204 638 341 706 multique
352 637 381 704 in
394 636 461 705 fuga
473 643 539 690 sunt
551 636 745 704 comprehensi
756 642 839 704 atque
851 638 891 687 in·

79 717 110 758 te
140 707 203 755 eeti.
525 715 529 721 ‘
762 710 765 716 “

110 771 208 826 xliii.
224 759 303 828 llum
320 773 389 828 haee
404 777 433 828 in
446 771 492 828 bis
504 776 574 828 loeis
586 781 734 844 geruntur,
758 777 891 828 Cassivel-

78 843 185 918 launus
197 845 232 896 ad
242 843 382 908 Cantium,
398 846 472 914 quod
484 861 547 898 esse
560 846 596 897 ad
607 847 892 914 maresuprademou·

81 917 247 978 munius,
272 913 373 982 quibus
394 917 556 984 regionibus
577 923 697 984 quatuor
711 924 890 983 regesprae-

39 1024 47 1028 -
81 987 171 1044 mant
188 983 362 1051 Cingetorix,
374 985 519 1048 Carvilius,
531 987 740 1054 blasimagulus
752 985 891 1054 Segouax,

79 1054 200 1105 nuncios
207 1055 300 1105 mittit
307 1059 394 1122 etque
405 1053 449 1106 bis
459 1057 593 1122 imperat,
613 1058 666 1119 uti,
688 1058 792 1108 coactis
804 1057 891 1107 omni·

78 1123 135 1176 bus
151 1123 252 1190 oupiis,
272 1129 368 1176 eastra
384 1124 497 1176 navalia
512 1125 547 1176 de
563 1127 715 1192 improviso
727 1126 891 1176 adoriantur

79 1197 168 1262 atque
179 1199 353 1260 oppugnent.
390 1195 411 1245 li
423 1209 506 1262 quum
518 1195 551 1246 ad
564 1201 655 1246 castra
665 1197 822 1258 venissent,
843 1210 892 1245 nu·

81 1264 151 1326 stri,
174 1261 321 1329 eruptione
334 1259 421 1327 faeta,
443 1264 538 1316 maltis
549 1280 647 1316 eorum
658 1263 828 1327 interiectis,
850 1278 892 1315 ea·

83 1325 235 1400 pto‘etiam
251 1329 339 1383 nobili
355 1333 425 1385 duce
440 1333 628 1402 Lugotorige,
654 1349 721 1384 suos
736 1333 891 1384 incolumes

80 1402 267 1454 reduxeruut.
301 1403 543 1466 Cassivellaunus,
564 1402 617 1454 hoc
632 1402 739 1470 proelio
752 1404 892 1464 nunciato,

81 1473 129 1523 tot
145 1472 326 1523 detrimentis
347 1473 481 1538 arreptis,
503 1474 620 1524 vastatis
636 1473 751 1533 tinibus,
772 1474 892 1522 maxime

82 1543 170 1592 etlam
191 1543 334 1608 permotus
355 1541 515 1595 desectione
536 1543 692 1604 civitatum,
716 1541 826 1608 legatos
842 1555 894 1606 per

84 1607 245 1662 Atrebatem
255 1611 413 1680 Conuiuium
426 1613 460 1664 de
473 1611 614 1664 deditione
627 1611 661 1662 ad
674 1613 819 1664 Caesarem
832 1611 893 1660 urit·

83 1682 127 1732 tit.
165 1679 282 1744 Caesar,
299 1697 382 1748 quum
392 1684 551 1744 statuisset,
568 1680 727 1735 bieuremiu
739 1681 893 1731 continenti

84 1756 200 1816 propter
210 1745 372 1818 repentinos
384 1745 492 1804 Galliae
505 1757 597 1803 motus
608 1766 705 1819 agere,
725 1765 759 1802 ne
799 1748 893 1802 eurul-

84 1825 143 1870 tum
161 1822 277 1872 aestatis
289 1827 448 1887 superesset
459 1813 542 1888 dique
553 1822 582 1873 id
594 1821 677 1874 facile
690 1826 770 1873 extra
790 1822 798 1870 i
811 1833 893 1888 passe

84 1889 272 1957 intellegeret,
289 1890 399 1942 obsides
410 1893 577 1957 imperatet‚
588 1891 653 1959 qaid
664 1893 691 1943 in
703 1905 791 1942 annos
802 1891 893 1958 singa-

70 1960 126 2010 -los
148 1961 292 2026 vectigalis
313 1959 414 2026 populo
435 1961 560 2012 Romano
581 1962 729 2014 Britannia
748 1961 891 2027 penderet,

84 2030 241 2080 constituit:
268 2030 410 2082 interdicit
431 2035 514 2098 atque
535 2033 653 2097 imporat
674 2031 892 2091 cassivellauno,

83 2115 119 2148 no
132 2097 344 2160 Mandubratio‚
366 2115 419 2152 neu
431 2101 648 2152 Trinobantibus
659 2100 759 2152 bellurn
772 2098 865 2150 saciat.

118 2162 220 2220 XXlll.
246 2169 395 2222 Obsidibus
411 2171 543 2235 acceptis,
564 2173 714 2222 exereitum
732 2168 840 2220 reducit
856 2167 890 2217 ad

81 2253 170 2301 mare,
187 2253 271 2291 nares
283 2241 388 2290 invenit
398 2239 527 2290 refectas.
563 2240 615 2290 llis
627 2239 766 2300 deductis,
782 2237 854 2304 quod
863 2243 890 2286 et

22 2328 26 2334 ·
81 2311 255 2374 captivorum
273 2323 401 2376 magnum
418 2324 563 2360 numerum
582 2308 713 2369 habebat,
734 2314 763 2359 et
773 2306 890 2357 norrnul·

82 2378 129 2429 lae
146 2383 312 2444 tempestate
330 2379 615 2445 deperierantnares,
636 2378 742 2428 duobus
755 2391 889 2427 commea·

81 2449 158 2498 tibus
179 2449 328 2498 exereitum
345 2455 490 2515 reportare
504 2449 632 2500 instituit.
672 2448 711 2497 Ae
726 2447 766 2497 sie
781 2445 888 2506 accidit,

81 2519 123 2568 uti
136 2531 170 2568 ex
181 2522 261 2569 tauto
274 2522 384 2569 navium
397 2534 526 2583 numero,
543 2524 587 2570 tot
597 2517 829 2585 navigationibus,
844 2531 888 2566 ne·

79 2601 135 2652 que
152 2585 216 2648 boe,
238 2603 328 2656 neque
345 2591 488 2654 superiore
504 2603 592 2652 annu,
612 2588 669 2640 ulla
680 2589 792 2640 omuino
803 2589 887 2645 naris,

79 2671 152 2723 quae
165 2657 267 2708 milites
280 2662 419 2724 portaret,
435 2655 654 2709 desideraretur:
671 2664 700 2709 at
713 2673 745 2709 ex
756 2659 801 2721 iis,
818 2669 887 2740 quae

79 2728 177 2779 inanes
193 2741 227 2778 ex
244 2728 395 2778 continenti
413 2726 447 2777 ad
465 2741 526 2778 eam
543 2729 767 2787 reunitterantur,
787 2727 887 2793 prioris
