2152 3144
109 209 111 212 ·
159 183 211 240 306
342 186 767 240 n.Hllt'r11DEBELb0

160 289 246 341 riculo
257 291 370 350 versari,
391 289 567 358 llagitarique
579 306 596 342 a
607 291 746 352 Domitio,
769 295 892 358 utquam
904 291 961 357 pri-

157 375 232 410 mum
244 360 296 409 sibi
306 359 431 410 subsidia
445 361 569 412 mitteret
588 363 756 428 propiusque
772 362 833 426 ipse
845 361 963 411 Alexan·

155 428 248 484 ,driam
260 444 309 494 pcr
321 429 431 494 Syriam
443 431 598 482 accederet.
634 431 695 492 Qua
707 431 818 496 cognita
828 445 867 492 re,
878 428 965 480 Phar-

156 513 244 554 traces
255 500 388 562 victoriae
401 499 461 549 loco
474 495 603 560 ducebat,
619 501 643 549 si
657 498 769 550 trahere
779 505 887 564 tempus
900 515 970 564 pos·-

158 562 214 629 sct,
237 583 321 634 quum
343 567 539 620 discedendum
554 568 680 618 Domitio
696 568 827 619 celeriter
841 575 963 634 putaret.

156 637 254 704 ltaque
266 639 300 688 ab
312 637 421 702 oppido,
432 652 488 702 qua
498 637 659 702 facillimum
667 652 808 706 aceessum
817 644 845 689 et
855 641 964 704 aequis·

157 707 259 758 simum
274 706 309 757 ad
326 706 512 758 dimicandum
528 709 632 758 nostris
642 707 770 768 ridebat,
793 707 881 758 fossas
892 709 964 758 duas

158 775 288 838 directas,
310 791 365 826 uon
385 778 425 825 ita
445 791 547 844 magno
568 776 716 827 interuallo
738 777 830 828 medio
853 777 964 840 relicto,

158 850 277 912 quatuor
287 845 387 912 pedum
397 845 552 898 altitudinis
563 848 660 897 ineum
671 847 762 898 locum
773 846 895 908 deduxit,
908 863 964 914 quo

158 914 269 980 longius
281 915 465 982 constituerat
475 930 552 966 suam
564 931 618 966 non
628 916 782 982 producere
794 917 890 968 aciem.
920 919 965 968 ln·

158 991 203 1034 ter
215 981 263 1032 has
274 981 365 1034 fossas
377 985 465 1048 aciem
476 1000 587 1050 semper
597 987 762 1036 instruebat.
799 987 964 1052 Equitatum

156 1057 250 1102 autem
261 1066 370 1104 omnem
382 1054 415 1104 ab
426 1053 561 1105 lateribus
574 1061 654 1106 extra
669 1054 771 1106 fossam
793 1057 962 1106 collocabat:

158 1123 304 1187 quinoque
316 1107 398 1173 allier
410 1123 485 1174 utilis
496 1139 558 1174 esse
570 1129 690 1188 poterat,
701 1130 730 1175 et
740 1125 854 1176 multum
867 1139 964 1175 nurne-

158 1205 189 1241 ro
200 1193 325 1242 anteibat
335 1198 460 1243 nostrum
474 1195 635 1259 equitatum.
1024 1242 1032 1254 ,

214 1260 337 1312 XXXIX.
356 1262 497 1312 Domitius
513 1269 619 1326 autem,
640 1278 722 1330 quum
735 1263 861 1315 Caesaris
872 1263 964 1330 magis

156 1327 293 1398 periculo,
315 1348 395 1400 quam
416 1346 477 1395 suo,
498 1339 733 1396 commoveretur,
752 1327 884 1400 neque‘se
900 1340 963 1384 tuto

159 1399 343 1452 discessurum
355 1403 551 1466 arbitraretur,
569 1403 594 1452 si
606 1402 791 1464 conditiones,
812 1419 879 1470 quas
891 1403 963 1454 reie-

158 1475 245 1532 cerat,
268 1487 364 1522 rursus
375 1471 530 1538 adpeteret,
552 1478 601 1523 aut
612 1473 673 1524 sine
684 1487 781 1538 caussa
791 1473 963 1535 diseederet3

158 1553 193 1590 ex
211 1542 377 1610 'propinquis
398 1543 498 1594 castris
519 1543 548 1592 in
569 1544 658 1593 aciem
679 1544 832 1594 exercitum
856 1543 962 1594 eduxit.

158 1609 343 1662 'l'ricesimam
354 1617 462 1662 sextam
476 1612 615 1678 legionem
628 1615 656 1661 in
667 1611 767 1662 dextro
779 1628 865 1662 cornu
878 1612 964 1664 eollo·

158 1679 239 1740 eavit,
251 1679 395 1730 Ponticam
406 1682 433 1730 in
447 1681 574 1731 sinistro:
590 1681 717 1732 Deiotari
730 1681 855 1748 legiones
867 1683 894 1734 iu
908 1697 964 1732 me·

158 1747 231 1796 (liam
247 1749 335 1798 aciem
351 1750 478 1812 contulit,
500 1751 598 1816 quibus
618 1758 713 1800 tamen
735 1752 962 1818 angustissimum

158 1817 259 1866 l'rontis
281 1817 396 1884 reliquit
415 1818 606 1881 intervallum,
627 1819 742 1886 reliquis
757 1819 918 1872 cohortibus
933 1823 965 1872 in

157 1884 285 1961 subsidiis
308 1887 461 1938 collocatis.
506 1886 551 1939 Sic
575 1891 713 1954 utrimque
734 1891 794 1940 acic
815 1891 965 1954 instructa,

137 1971 139 1979 ¹
157 1969 316 2021 processum
329 1957 417 2008 estad
430 1957 625 2009 dimicandum.

209 2023 269 2076 XL.
288 2023 374 2092 Signo
397 2025 448 2078 sub
470 2026 544 2078 idem
566 2034 675 2096 tempus
692 2029 725 2079 ab
743 2034 861 2096 utroque
884 2028 961 2092 dato,

157 2097 343 2146 concurritur:
363 2098 465 2148 acriter
481 2099 612 2163 varieque
636 2108 785 2165 pugnatur:
806 2114 870 2151 nam
882 2103 962 2150 trice-

157 2165 229 2216 sima
250 2172 330 2217 sexta
350 2167 425 2236 le‘gio
447 2183 530 2234 quum
547 2173 627 2219 extra
644 2167 746 2219 fossam
763 2171 791 2220 in
805 2172 959 2237 equitatum

157 2236 234 2303 regis
256 2237 389 2302 impetum
412 2237 536 2300 fecisset,
559 2238 629 2290 adeo
652 2239 803 2290 secundum
822 2239 958 2305 proelium

155 2303 237 2368 fecit,
270 2312 301 2356 ut
326 2309 471 2360 moenibus
498 2309 590 2375 oppidi
616 2309 777 2362 succederet
799 2309 958 2375 fossamque

156 2375 291 2426 transiret
306 2392 473 2446 aversosque
491 2377 585 2430 hostes
597 2379 806 2445 adgrederetur.
842 2381 878 2433 nt
889 2379 958 2430 Pon-

155 2443 211 2494 tica
223 2459 256 2496 ex
268 2446 357 2498 altera
378 2455 456 2515 parte
473 2447 563 2517 legio,
587 2465 670 2517 quum
692 2449 845 2516 paullulum
861 2464 959 2500 averso

154 2509 280 2564 hostibus
303 2518 441 2580 cessisset,
464 2517 568 2570 fossam
585 2524 679 2569 autem
695 2521 840 2578 circumire
858 2516 957 2585 [acies]

154 2581 278 2632 secundo
290 2591 391 2636 conata
403 2593 488 2649 esset,
504 2595 534 2638 ut
546 2594 643 2653 aperto
655 2587 744 2642 latere
756 2590 957 2656 adgrederetur

153 2643 276 2710 hostem,
296 2653 325 2700 in
342 2653 402 2717 ipso
420 2659 538 2707 transitu
556 2659 648 2708 l'ossae
661 2658 771 2710 confixa
783 2666 811 2710 et
824 2672 957 2727 oppressa

153 2719 207 2764 est:
227 2715 357 2770 Deiotari
373 2737 438 2774 rero
454 2725 580 2794 legiones
598 2727 644 2778 rix
664 2727 800 2795 impetum
815 2729 957 2782 sustinue-
