2180 3140
369 165 519 240 ersus
554 168 592 220 rs
825 151 879 223 rso

79 273 218 330 custodias
230 271 395 340 vigiliasque
406 272 436 322 in
447 271 572 322 turribus
583 285 719 340 muroque
729 271 880 340 disposuit.

79 343 213 396 Cohortes
224 342 301 405 duas,
317 357 387 409 quae
399 340 541 392 colonicae
552 340 773 407 adpellabontur,
793 357 878 410 quum

79 430 110 466 eo
122 429 187 465 cusu
198 415 349 473 venissent,
367 410 464 462 tuendi
477 411 569 476 oppidi
581 426 681 462 caussa
691 411 763 478 opud
773 427 803 462 se
814 414 881 462 reti·

80 487 147 534 nuit.
184 483 284 534 lisdem
299 481 396 532 diebus
414 480 630 542 Carmonenses,
658 496 727 547 quae
744 487 787 532 est
798 481 881 546 longe

80 553 238 604 firmissima
249 553 335 602 totius
348 551 504 615 provinciae
521 551 631 612 civitas,
653 549 778 602 deductis
790 551 881 600 tribus

80 625 108 672 in
120 638 210 674 arcem
223 621 315 688 oppidi
327 619 488 671 cohortibus
499 635 517 669 a
525 619 652 671 Varrone
664 619 812 686 praesidio,
831 634 881 684 per

20 723 22 728 .
80 707 110 743 se
120 691 249 744 cobortes
261 692 342 743 eiecit
352 694 504 757 portusque
516 687 674 754 praeclusit

133 794 194 844 XX.
213 795 274 844 Hoc
288 809 356 845 vero
372 794 460 860 magis
475 806 626 860 properare
637 793 741 855 Varro,
771 798 803 843 ut
818 807 880 842 cum

81 865 237 930 legionibus
247 879 327 929 quum
341 865 456 929 primum
470 861 556 912 Gadis
567 864 761 924 contenderet,
790 877 824 912 ne
837 863 880 912 iti·

82 949 148 984 nere
161 939 208 982 eut
218 935 371 984 transiectu
381 931 625 983 intercluderetur:
638 939 716 984 tento
728 949 760 983 uc
772 941 827 983 tam
840 949 881 983 se·

56 1047 58 1051 .
82 1002 172 1054 cunda
182 1005 208 1051 in
219 1003 363 1052 Caesarem
376 1001 504 1052 voluntas
518 1002 673 1068 provinciae
681 1004 881 1068 reperiebatur.

80 1073 234 1139 Progresso
252 1073 276 1122 ei
291 1073 384 1138 paullo
400 1072 511 1137 longius
527 1073 637 1123 litterae
652 1089 668 1122 o
683 1072 806 1124 Gadibus
821 1072 882 1122 rod·

81 1143 198 1204 duntur,
226 1139 305 1192 simul
321 1151 401 1208 atque
415 1140 453 1192 sit
461 1141 596 1208 cognitam
607 1141 638 1192 de
649 1141 735 1193 edicto
747 1140 883 1203 Caesaris,

23 1218 25 1222 ’
80 1211 238 1271 consensisse
261 1210 411 1262 Gaditanos
428 1209 564 1277 principes
578 1227 637 1261 crum
657 1211 773 1262 tribunis
791 1209 883 1262 eubor-

80 1281 161 1343 ts'um‚
189 1296 256 1347 quae
270 1289 356 1332 essent
370 1279 409 1330 ibi
419 1280 448 1332 in
459 1280 611 1347 praesidio,
639 1289 670 1330 ut
684 1279 837 1332 Gallonium
848 1295 883 1332 ex

79 1350 176 1418 oppido
187 1351 362 1416 expellerent,
393 1350 484 1400 urbem
495 1349 660 1414 insulamque
673 1346 785 1401 Caesari
795 1364 882 1399 seruu-

78 1429 147 1474 rent.
183 1419 455 1479 Hocinitoconsiliu,
477 1418 675 1470 dersunciaeisse
690 1417 829 1480 Gallonio,
850 1427 883 1468 ut

79 1506 129 1542 suu
140 1498 240 1556 sponte,
261 1489 322 1540 dum
333 1489 389 1540 siue
396 1487 519 1556 periculo
530 1487 630 1549 liceret,
649 1489 788 1540 excederet
801 1487 884 1540 Gadi-

79 1559 128 1612 bus
135 1577 146 1620 ;
170 1559 194 1610 si
203 1559 233 1608 id
242 1558 428 1630 nunsecissel,
455 1556 507 1607 sibi
519 1556 656 1608 consilium.
667 1567 808 1625 rupturus:
834 1558 883 1608 boc

79 1629 176 1682 timore
187 1628 331 1680 adductum
346 1626 501 1680 Gallonium
515 1626 635 1678 Gadibus
645 1626 794 1678 excessisse.
829 1626 882 1678 llis

79 1700 199 1767 cognitis
211 1700 307 1761 rebus,
337 1698 429 1748 ultera
448 1712 483 1748 ex
495 1696 601 1747 duobus
612 1696 782 1762 legionibus,
812 1711 882 1764 quue

78 1769 227 1820 vernacula
238 1767 442 1835 adpellubatur,
460 1781 494 1818 ex
505 1767 603 1816 castris
615 1767 761 1830 Varronis,
774 1766 883 1817 adstan-

77 1845 106 1890 te
120 1844 148 1889 et
159 1839 335 1905 inspectante
346 1839 417 1903 ipso,
428 1839 511 1904 signu
521 1835 645 1900 sustulit,
656 1853 770 1905 seseque
782 1837 882 1905 llispa·

77 1907 118 1958 lin
130 1911 236 1976 recepit
248 1913 331 1974 atque
349 1909 377 1957 in
390 1910 452 1962 loro
466 1913 494 1958 et
511 1906 662 1973 porticibus
672 1909 732 1958 sino
745 1906 882 1974 maleficio

77 1977 212 2028 consedit.
249 1977 330 2039 Quod
353 1976 455 2028 facturn
479 1976 548 2028 adeo
566 1979 624 2028 eius
640 1983 791 2029 conventus
809 1980 882 2028 eires
960 2033 965 2042 .

76 2047 197 2097 Romani
208 2047 472 2112 comprobaverunt,
504 2052 535 2096 ut
547 2046 657 2097 dornum
675 2047 709 2097 ed
724 2063 754 2100 se
766 2050 882 2115 quisquo

75 2112 200 2181 hospitio
220 2115 397 2182 cupidissime
418 2118 563 2181 reciperet.
601 2117 708 2177 Quibus
723 2118 806 2168 rebus
822 2131 883 2182 per·-

77 2186 195 2234 territus
206 2185 310 2247 Varro,
331 2200 429 2252 quum,
448 2186 549 2236 itinere
566 2199 710 2246 converso,
733 2201 794 2236 sese
806 2186 882 2236 ltali-

77 2267 139 2304 csrn
150 2258 296 2303 venturum
310 2255 491 2320 promisisset,
504 2255 607 2304 certior
619 2256 652 2305 ab
665 2257 721 2305 suis
734 2255 882 2314 factusest,

76 2322 241 2390 praeclusas
256 2337 317 2374 esse
333 2330 438 2390 portus.
475 2323 547 2374 Tum
560 2338 639 2387 vero,
666 2327 740 2374 omni
751 2324 882 2374 interclu-

76 2406 124 2442 sus
136 2392 251 2454 itinere,
285 2392 321 2442 ael
333 2394 480 2444 Caesarem
500 2393 599 2455 mittit,
631 2399 757 2459 peratum
770 2408 800 2444 se
811 2408 881 2454 esse,

75 2461 227 2530 legionem,
250 2463 292 2512 cui
305 2463 430 2524 iusserit,
450 2461 604 2514 transdere.
632 2463 684 2514 llle
696 2461 728 2514 ad
742 2477 803 2513 eum
818 2459 885 2512 Sex.-

74 2532 224 2582 Csesarem
236 2533 324 2592 nrittit
335 2537 418 2600 utque
430 2529 494 2582 huic
505 2531 612 2584 tronsdi
622 2532 704 2584 iubet.
730 2532 881 2584 'l'runsditu

73 2601 197 2670 legione,
219 2602 311 2654 Vorro
323 2602 479 2653 Cordubam
492 2601 527 2653 ed
539 2601 685 2654 Caesarem
697 2603 785 2654 vonit:
808 2602 879 2654 relo-

72 2671 158 2793 tislsd
170 2687 231 2793 epm
244 2674 360 2740 publicis
371 2687 433 2726 cum
445 2671 500 2725 lide
512 2673 682 2735 rationibus,
712 2672 784 2741 quod
796 2688 881 2742 penes

122 2755 168 2794 Ubus
202 2757 261 2796 ΑΕΒ·
326 2763 328 2768 '
