2168 3134
351 220 505 276 trinus
539 223 626 279 vui.
690 223 691 228 ’
838 215 891 278 tot

85 323 221 381 rnediocri
235 325 307 380 velle
324 327 457 380 neustrie
477 341 574 394 eorum
590 326 754 380 intercisum
769 325 891 380 animum

85 397 262 450 adverteret:
290 397 422 464 pontibus
447 395 550 464 palude
572 401 733 460 constratu,
764 395 891 465 legiones

87 465 246 518 transducit
265 466 448 536 celeriterque
463 469 492 517 in
512 480 648 517 suminam
667 466 814 532 planitiem
835 467 893 534 iugi

86 538 230 604 peruenit,
251 551 321 603 quse
338 536 438 588 declivi
455 536 568 604 fastigio
583 536 691 588 duobus
707 536 741 586 ab
757 535 893 588 lateribus

87 606 277 657 muniebatur.
312 607 354 658 lbi
365 606 522 674 legionibus
537 607 695 668 instructis,
717 603 752 656 ed
763 605 892 657 ultimum

87 677 185 742 iugum
194 677 333 741 pervenit,
354 679 497 742 aciemque
509 689 542 728 eo
557 675 620 726 loco
635 675 796 739 constitnit,
818 674 894 728 unde

89 750 231 796 tormento
249 747 333 797 missu
347 745 449 798 teloio
465 743 586 798 hostium
601 757 704 796 cuneos
720 743 819 796 coniici
830 758 893 813 pos·

89 819 165 866 seut.
269 853 272 862 ,
481 830 483 836 ’
888 837 891 848 v

142 881 204 936 XV.
223 881 351 947 Barbari,
367 885 463 936 conlisi
474 881 531 936 loci
541 889 651 948 natura,
667 899 752 953 quum
763 883 923 949 dimicares

89 965 147 1005 uon
158 959 335 1016 recusarent,
350 954 375 1006 si
386 955 460 1008 forte
468 955 586 1006 Romani
597 955 691 1006 subire
703 953 801 1006 collem
814 967 895 1006 cona·

89 1029 203 1085 rentur,
230 1023 430 1091 paullatimqne
451 1025 546 1090 copies
567 1024 731 1076 distributos
752 1023 894 1075 dimittere
935 1043 938 1060 ν

90 1106 147 1144 non
170 1091 319 1155 auderent,
339 1109 375 1145 ne
388 1095 506 1161 dispcrsi
527 1094 769 1160 perturbarentur,
790 1095 819 1145 iu
836 1095 895 1145 scie

89 1167 313 1229 permanserunt.
331 1205 334 1214 ,
349 1163 474 1225 Quorum
489 1163 643 1229 pertinacia
654 1164 895 1230 Caesor·cognito,

89 1233 193 1300 viginti
202 1230 362 1284 cohortibus
373 1235 516 1285 instructis
527 1234 680 1300 castrisque
691 1247 724 1284 eo
735 1233 796 1283 loco
809 1237 896 1283 metu·

89 1303 143 1364 tis,
163 1303 265 1353 muniri
278 1302 358 1354 iube't
371 1309 473 1354 castre.
508 1303 648 1354 Absolutis
660 1302 798 1369 operibus,
809 1301 896 1368 legio·

90 1385 143 1424 nes
158 1385 209 1438 pro
224 1371 298 1424 rollo
319 1372 472 1424 instructos
495 1372 624 1424 collocat:
644 1373 755 1440 equites
775 1368 912 1420 frenatis-

91 1443 172 1508 equis
182 1442 210 1491 in
222 1441 387 1494 stationibus
398 1442 529 1508 disponit.
564 1441 720 1502 Bellovaci,
742 1453 826 1508 quum
842 1438 896 1490 llo·

90 1525 190 1563 menos
201 1509 237 1562 ed
247 1511 449 1578 insequendum
463 1516 575 1579 paratos
584 1510 721 1573 viderent,
733 1523 823 1577 neque
834 1521 897 1574 per·

91 1586 209 1635 noctere
229 1581 291 1632 sine
312 1582 447 1647 periculo,
469 1586 518 1632 out
534 1579 639 1632 diutius
653 1592 819 1646 pernrenere
835 1579 896 1630 sine

93 1649 205 1702 cibariis
217 1651 316 1702 eodeni
328 1651 388 1702 loco
400 1655 526 1718 possent,
545 1649 758 1702 taleconsilium
771 1648 816 1698 sui
827 1648 896 1698 reci·

48 1769 50 1774 .
92 1718 190 1787 piendi
199 1721 331 1771 inierunt.
369 1720 478 1784 Fasces,
494 1721 538 1772 uti
549 1718 745 1780 consederunt,
765 1721 897 1784 (nemque

92 1792 122 1842 in
137 1789 197 1841 acie
211 1789 308 1841 sedere
318 1789 416 1845 Gallos
432 1805 596 1854 consuesse,
618 1787 809 1855 superioribus
824 1802 897 1839 corn·

91 1861 240 1910 meritoriis
255 1858 424 1911 declaratum
441 1864 494 1924 est)
513 1865 730 1911 stramentorum
749 1874 782 1911 ec
797 1857 898 1924 virgul-

92 1935 197 1991 torum,¹
208 1943 324 1997 quorum
336 1945 444 1981 summe
454 1935 515 1982 eret
525 1931 554 1980 in
566 1930 667 1982 cestris
678 1930 766 1995 copie,
781 1943 832 1995 per
842 1942 899 1979 rne-

93 2013 147 2050 nus
161 1999 238 2052 inter
251 2013 282 2050 se
298 1999 464 2063 transditos,
486 2007 551 2068 ente
571 2001 659 2051 aciem
680 1999 898 2060 collocaverunt,

93 2073 278 2135 extremoque
299 2072 424 2136 tempore
443 2070 509 2133 diei,
529 2071 610 2138 signo
626 2070 821 2135 pronunciato,
841 2081 898 2119 uno

92 2137 427 2204 temporeincenderunt.
461 2140 505 2191 lte
516 2139 665 2190 continens
681 2135 794 2189 flemme
804 2138 909 2202 copias·

93 2219 190 2260 omnes
201 2213 316 2272 repente
328 2223 345 2260 e
356 2215 508 2274 conspectu
518 2209 592 2260 texit
602 2208 801 2258 Romanorum.
817 2205 898 2268 Quod

92 2275 716 2339 ubiecciditburberivehementissinrocursu
726 2275 898 2342 refugerunt.

138 2345 214 2400 xvi.
232 2343 344 2409 Caesar,
355 2348 409 2400 etsi
421 2347 575 2399 discessum
586 2344 707 2396 bostium
718 2345 840 2395 oninium
852 2345 898 2395 ed·

91 2421 205 2469 vertere
216 2429 274 2467 non
289 2422 415 2483 poteret,
435 2415 570 2468 incendiis
581 2415 738 2481 -oppositis3
756 2419 851 2465 temen
869 2413 898 2465 id

93 2485 240 2537 consilium
260 2501 344 2554 quum
366 2486 449 2554 fugae
468 2499 565 2537 ceusse
583 2485 682 2534 initum
699 2484 900 2549 suspiceretur,

92 2553 222 2623 legiones
238 2562 397 2622 promovet,
416 2563 525 2608 turmas
536 2553 626 2606 mittit
636 2552 672 2604 od
682 2552 900 2621 insequendum:

92 2623 271 2691 ipse-veritus
286 2625 430 2688 insidias„
440 2640 474 2677 ne
489 2624 605 2676 fonteio
618 2622 717 2675 eodem
733 2621 796 2674 loco
808 2621 899 2674 subsi-

92 2699 182 2747 steret
193 2687 380 2762 bostis‘etque
392 2695 493 2747 elicere
508 2699 620 2746 nostros
634 2694 663 2744 in
680 2691 772 2744 locum
784 2705 903 2744 conerc-

94 2767 141 2816 tur
151 2765 286 2832 iniquum,
296 2765 404 2816 tardius
414 2765 548 2831 procedit.
569 2763 686 2832 Equites
697 2776 780 2831 quum
791 2763 898 2815 introre
