2168 3134
370 183 522 237 LIBER
553 185 621 240 Vll.
848 185 896 237 lli

86 286 186 358 paullo
197 286 396 339 tumultuosius
408 289 536 340 omnibus
545 288 575 340 in
585 289 654 342 locis
666 294 898 358 pervagarentur.

85 359 186 410 Prima
201 357 262 408 luce
278 373 409 424 magnum
424 375 570 410 numerum
585 361 851 427 impedimentorum
863 373 900 412 ex

86 428 194 480 eastris
205 426 398 494 mulorumque
408 428 534 494 produci,
557 444 626 495 eque
637 431 671 480 iis
683 434 840 481 stramenta
851 428 899 482 de·

85 495 180 557 trabi,
199 497 393 565 mulionesque
403 514 465 550 cum
477 498 645 560 cassidibus,
671 501 794 567 equitum
806 500 900 564 specie

85 583 123 622 ac
133 567 327 629 simulatione,
343 567 462 620 collibus
474 569 639 620 circumvehi
653 569 737 620 iubet.
767 568 821 618 llis
833 584 900 635 pau·

87 653 139 688 cos
150 635 229 687 addit
239 639 360 704 equites,
382 639 429 705 qui
440 637 525 688 latius
537 639 735 690 ostentationis
746 653 845 690 caussa
854 652 900 688 ua-

88 712 237 775 garentur.
268 705 368 773 Longo
378 709 496 758 circuitu
508 707 618 760 easdem
630 724 727 760 onmes
738 709 816 758 iubet
825 713 901 772 peto·

88 793 122 830 re
134 778 273 844 regiones.
308 777 387 828 llaec
397 777 492 844 procul
504 793 539 828 ex
550 778 652 844 oppido
664 778 844 840 videbantur,
870 783 902 828 ut

90 853 156 900 erat
177 862 195 896 a
209 846 349 914 Gergovia
369 847 515 914 despectus
537 849 566 898 in
583 854 688 910 castra3
710 863 799 914 neque
821 853 900 898 tanto

89 918 199 984 spatio,
217 918 288 968 certi
299 916 365 982 quid
378 923 466 979 essct,
487 917 630 984 explorari
642 923 763 984 poterat.
799 917 903 984 Legio-

90 1003 158 1037 nem
180 1002 264 1038 unam
286 986 383 1037 eodem
397 989 464 1054 iugo
480 989 569 1040 mittit
579 988 710 1056 etpaullo
722 1001 901 1054 prorressam

90 1055 229 1108 inferiore
241 1057 386 1108 constituit
397 1057 457 1108 loco
469 1058 599 1125 silvisque
610 1056 741 1110 occultat.
774 1027 902 1124 lugetur

92 1125 186 1178 Gallis
206 1127 325 1193 suspicio
346 1133 430 1193 atque
442 1141 538 1178 omnes
549 1127 598 1180 illo
610 1128 645 1180 ad
657 1128 844 1179 munitionem
856 1141 902 1177 co·

91 1197 157 1264 piae
176 1196 401 1248 transducuntur.
437 1195 530 1248 Vacua
551 1205 644 1248 castra
665 1195 788 1250 hostium
799 1197 903 1248 Caesar

92 1268 278 1332 conspicatus,
289 1267 378 1318 tectis
390 1267 546 1334 insignibus
558 1283 682 1329 auorum,
697 1267 902 1332 occultatisque

92 1338 184 1404 signis
196 1335 379 1397 militaribus,
389 1351 470 1388 raros
482 1337 597 1400 milites,
609 1353 644 1389 ne
656 1352 691 1388 ex
703 1336 803 1403 oppido
815 1337 902 1386 anim·

82 1408 321 1467 adverterentur,
354 1420 389 1457 ex
421 1406 575 1459 maioribus
605 1410 705 1458 castris
736 1407 765 1456 in
792 1407 902 1456 minora

93 1476 252 1528 transducit
262 1475 428 1543 legatisque,
439 1491 509 1542 quos
520 1476 639 1540 singulis
651 1476 810 1544 legionibus
822 1489 902 1542 prae·

94 1546 216 1608 fecerat,
233 1545 297 1611 quid
310 1547 372 1596 lieri
384 1545 478 1607 vellet,
494 1545 630 1596 ostendit:
647 1548 675 1595 in
688 1546 785 1612 primis
797 1550 902 1606 monet,

94 1623 127 1669 ut
148 1617 309 1668 contineant
328 1615 444 1678 milites,
466 1630 501 1665 ne
523 1615 615 1666 studio
632 1615 775 1736 pugnandi
792 1619 901 1679 autspe

95 1686 216 1754 praedae
236 1684 347 1751 longius
368 1684 598 1753 progrediantur:
620 1687 667 1752 qui

95 1755 199 1808 lrabeat
218 1755 400 1818 incommodi,
432 1758 575 1823 proponite
602 1753 656 1807 lroc
675 1771 733 1806 una
753 1755 901 1806 celeritate

95 1841 179 1892 posse
190 1825 284 1875 vitari:
308 1824 461 1877 occasionis
474 1841 534 1878 csse
545 1841 619 1888 rem,
635 1840 691 1876 non
702 1826 812 1892 proelii.
847 1825 901 1876 liis

96 1897 180 1948 rebus
191 1895 339 1961 expositis,
361 1896 472 1962 signum
484 1895 539 1960 dat,
556 1903 585 1948 et
595 1897 628 1948 ab
641 1897 741 1948 dextra
751 1902 832 1964 parte
844 1894 902 1947 alio

96 1967 233 2017 adscensu
245 1963 343 2016 eodem
354 1969 480 2031 tempore
490 1967 600 2018 Aeduos
612 1968 706 2018 mittit.

147 2033 245 2086 XLVl.
267 2033 369 2100 Oppidi
385 2050 480 2086 murus
493 2038 526 2088 ab
538 2037 656 2104 planitie
668 2043 751 2104 atque
763 2035 842 2088 initio
854 2033 902 2086 ad·

97 2118 223 2165 scensus,
242 2109 321 2156 recta
331 2107 459 2173 regione,
481 2110 505 2157 si
517 2107 609 2158 nullus
621 2106 773 2158 amfractus
784 2108 902 2156 interce·

97 2174 191 2235 deret,
216 2172 292 2224 MCC
308 2189 406 2240 passus
418 2175 527 2229 aberat:
549 2176 682 2244 quidquid
694 2175 758 2226 huic
768 2176 902 2226 circuitus

97 2243 134 2296 ad
147 2242 328 2296 molliendum
346 2244 444 2297 clivum
455 2251 627 2309 accesserat,
648 2246 678 2296 id
688 2246 808 2311 spatium
819 2244 902 2294 itine-

97 2314 138 2366 ris
158 2313 286 2380 augebat.
321 2317 357 2366 At
378 2314 468 2366 medio
491 2315 550 2367 lere
566 2316 637 2367 colle
649 2318 676 2365 in
688 2313 903 2382 longitudinem,

98 2390 129 2436 ut
139 2387 240 2436 natura
249 2385 352 2434 montis
364 2384 484 2448 serebat,
501 2400 537 2436 ex
547 2384 699 2452 grandibus
709 2386 784 2434 saxis
794 2397 845 2434 sex
855 2396 903 2448 pe·

100 2454 164 2508 dum
174 2469 292 2515 murum,
304 2455 349 2520 qui
361 2460 520 2507 nostrorum
532 2455 665 2520 impetum
678 2454 813 2516 tardaret,
824 2467 902 2518 prae·

99 2524 235 2576 duxerant
252 2521 339 2586 Galli,
359 2532 456 2591 atque,
476 2523 610 2578 inferiore
627 2525 701 2574 omni
713 2525 901 2592 spatiorncuo

99 2594 209 2655 relicto,
231 2596 401 2659 superiorem
418 2599 525 2660 partem
540 2592 621 2646 collis
637 2609 726 2662 usque
746 2593 780 2644 ad
793 2607 902 2644 murum

85 2662 191 2730 ,oppidi
204 2661 377 2716 densissimis
388 2665 708 2732 eastriscomplererant.
728 2665 845 2728 Milites,
855 2663 902 2716 da·

95 2741 123 2786 to
138 2733 232 2801 signo,
253 2734 381 2787 celeriter
391 2735 427 2788 ad
437 2737 618 2788 munitionem
629 2737 809 2803 perveniunt,
828 2750 902 2791 eam·

702 1686 835 1752 iniquitas
846 1683 902 1735 loci
