2152 3144
292 177 660 234 ALEXANDRlNC.
828 177 879 232 393

82 289 240 338 manserant
260 284 288 334 in
308 283 435 335 Caesaris
456 284 593 346 amicitia5
624 298 714 350 neque
730 283 879 348 vetustatis

82 355 286 416 auctoritatem,
307 353 511 420 paucis'diebus
523 369 604 420 reges
616 354 776 404 constituti:
796 352 879 403 simul

80 423 115 474 ad
125 423 233 490 imperii
244 423 334 474 nostri
346 422 509 488 dignitatem
520 423 729 488 utilitatemque
742 421 878 488 publicam

80 495 220 562 pertinere
231 493 421 555 existimabat,
441 493 463 542 si
475 499 671 559 permanerent
681 492 710 541 in
722 491 776 542 tide
787 506 879 557 reges,

2 558 7 565 ’
80 563 225 630 praesidiis
240 579 289 615 eos
305 564 408 613 nostris
421 576 483 612 esse
494 567 586 623 tutos3
616 559 719 623 ethos,
750 561 774 610 si
785 567 882 610 essent

80 631 192 700 ingrati,
212 647 295 699 posse
307 633 406 682 iisdem
417 631 566 699 praesidiis
579 632 710 682 coerceri.
740 629 786 682 Sic
796 630 881 695 rebus

49 761 52 769 Ι
67 721 69 732 r
81 703 207 753 omnibus
220 701 353 752 coniectis
366 708 395 751 ct
407 701 558 764 collocatis,
570 701 630 769 ipsc
642 701 743 752 itinere
751 699 882 752 terrestri

82 771 222 839 profectus
235 777 279 822 est
290 773 317 822 in
332 770 451 838 Syriam.
817 824 819 830 ,

131 839 258 892 XXXlV.
279 838 352 890 Dum
374 839 442 892 baec
457 841 485 890 in
503 843 632 908 Aegypto
649 845 799 908 geruntur,
830 853 882 890 rex

81 910 233 962 Deiotarus
245 911 279 962 ad
292 911 446 962 Domitium
458 910 609 972 Caluinum,
621 911 665 961 eui
678 911 881 961 CaesarAsiam

81 979 269 1048 sinitinrasque
277 981 432 1047 provincias
442 981 679 1032 administrandas
684 980 882 1042 transdiderat,

55 1056 63 1069 ·
81 1050 282 1112 reniteretum,
299 1050 651 1113 neArmenianrminorem,
670 1066 882 1120 regnumsuum,

81 1131 151 1170 neve
163 1119 372 1186 Cappadociam,
388 1135 503 1188 regnum
515 1121 722 1182 Ariobarzanis,
744 1119 883 1186 possideri

84 1189 240 1256 'vastarique
257 1196 403 1257 pateretur
419 1206 437 1240 a
446 1189 604 1242 Pharnace:
636 1207 690 1258 quo
703 1191 775 1242 m'alo
787 1191 839 1239 nisi
851 1189 882 1242 li·

82 1260 262 1322 iterarentur,
293 1260 432 1327 imperata
447 1275 477 1312 se
492 1259 586 1312 iacere
602 1261 804 1328 pecuniamque
819 1273 883 1326 pro·

82 1331 193 1380 missam
215 1329 327 1380 Caesari
347 1344 401 1381 non
422 1344 504 1394 posse
524 1331 694 1396 persolvere.
731 1329 882 1393 Domitius,

82 1415 137 1451 nou
159 1403 268 1449 tanturn
289 1397 324 1448 ad
350 1399 530 1467 explicandos
557 1406 665 1450 sumtus
689 1399 733 1451 rei
753 1397 883 1466 militaris

81 1475 165 1536 quum
186 1469 331 1533 pecuniam
355 1468 541 1520 neeessariam
557 1483 623 1520 'esse
644 1469 797 1530 iudicaret,
833 1467 884 1520 sod

81 1539 167 1590 etiam
179 1543 260 1604 turpe
271 1539 373 1605 populo
384 1539 508 1589 Bouiano
520 1541 549 1590 et
561 1540 674 1596 Caesari
685 1538 798 1600 victori,
819 1538 882 1588 sibi·

82 1622 136 1676 que
158 1606 262 1658 infame
286 1622 347 1659 esse
361 1613 513 1671 statueret,
544 1623 630 1674 regna
645 1609 783 1661 sociorum
799 1613 882 1676 atque

31 1680 34 1688 '
81 1677 232 1727 anticorum
245 1679 279 1729 ab
291 1683 408 1729 externo
419 1693 487 1746 rege
499 1679 638 1745 occupari:
661 1679 778 1730 nuncios
791 1675 882 1727 eonfe-

31 1749 34 1758 '
80 1749 145 1797 stim
163 1747 197 1797 ad
209 1746 370 1799 Pharnacen
387 1748 478 1810 misit,
508 1749 638 1800 Armenia
653 1747 882 1815 Cappadociaque

81 1816 245 1880 decederet,
274 1832 357 1881 nere,
386 1820 569 1883 occupatione
581 1820 647 1872 belli
657 1819 762 1881 civilis,
787 1814 884 1884 populi

80 1887 196 1937 Romani
212 1888 500 1955 ius-maiestatemque
518 1895 650 1942 tentaret.
687 1887 769 1939 Hanc
780 1887 886 1938 denun-

80 1958 227 2008 ciationem
240 1971 323 2023 quum
335 1958 467 2009 maiorem
478 1959 531 2008 rim
539 1957 694 2012 habituram
701 1959 885 2018 existimaret,

80 2026 105 2076 si
117 2029 230 2092 propius
243 2043 289 2078 eas
301 2028 432 2094 regiones
443 2043 505 2078 cum
517 2032 642 2080 exercitu
653 2029 832 2080 accessisset:
849 2030 884 2080 ad

81 2093 209 2162 legiones
219 2095 383 2162 profectus,¹
394 2114 478 2148 unam
490 2113 525 2150 ex
540 2100 629 2152 tribus
644 2100 811 2150 tricesimam
824 2113 885 2150 sex·

81 2171 137 2215 t'anr
155 2174 248 2215 seeum
266 2165 356 2228 ducit,
387 2167 456 2218 duas
472 2169 499 2217 in
515 2170 671 2235 Aegyptum
689 2168 723 2218 ad
735 2159 884 2218 Caesarem

81 2234 180 2294 mittit,
196 2234 300 2285 litteris
311 2239 370 2286 eius
383 2242 523 2288 evocatas:
543 2253 659 2303 quarum
671 2237 760 2288 altera
771 2238 799 2286 in
811 2237 884 2288 bello

81 2304 269 2355 Alexandrino
282 2320 337 2354 non
349 2307 478 2368 occurrit,
499 2308 573 2374 quod
584 2309 686 2358 itinere
697 2307 825 2359 terrestri
837 2321 886 2372 per

83 2373 194 2440 Syriam
211 2378 272 2424 erat
287 2375 378 2426 missa.
413 2375 544 2442 Adiungit
560 2379 608 2428 Cn.
623 2375 764 2428 Domitius
780 2378 886 2448 legioni

82 2442 242 2494 tricesimae
254 2449 349 2494 sextae
360 2443 429 2495 duas
441 2445 475 2496 ab
485 2445 638 2510 Deiotaro,
648 2449 651 2454 '
668 2445 794 2514 quasillo
806 2449 885 2502 disci-

81 2513 159 2580 plina
170 2518 252 2580 atque
263 2519 404 2564 armatura
415 2521 510 2566 nostra
521 2516 676 2584 complures
688 2533 775 2568 annos
785 2519 886 2570 consti·

79 2587 161 2632 'tutas
173 2580 304 2645 babebat,
335 2586 496 2652 equitesque
512 2593 634 2638 centum:
666 2587 839 2656 totidemque
851 2589 885 2640 ab

84 2651 273 2704 Ariobarzane
289 2655 381 2703 sumit.
418 2656 510 2705 Mittit
524 2655 554 2708 P.
570 2655 696 2711 Sextium
713 2659 748 2711 ad
766 2661 795 2710 C.
811 2659 886 2712 Piae·

70 2720 202 2788 lorium,
224 2730 412 2792 quaestorem,
435 2725 616 2796 utlogiouom
628 2728 794 2794 adduceret,
816 2746 886 2798 quae
