2168 3134
341 150 495 204 bruun
531 129 628 203 vu'r
835 149 888 202 no

132 255 191 307 XL.
210 258 300 319 Quum
314 259 413 305 contra
428 255 663 321 exspectationem
682 256 805 306 omnium
817 255 889 306 Gne-

78 325 338 376 saarellodunum
350 326 473 376 venisset
484 325 887 392 oppidumqucopcribusclau·

78 411 139 446 sum
153 397 275 446 animum
287 394 459 458 adverterem
475 410 565 462 neque
577 395 612 446 ab
624 395 833 462 oppugnatione
845 409 887 444 ra·

79 465 142 516 cedi
152 465 260 516 rideret
272 465 330 518 ulla
337 464 499 522 ¹conditione
509 479 604 532 posse3
625 479 728 530 magna
738 470 830 514 antam
843 477 887 514 co·

81 537 128 602 pia
149 533 282 586 frumenti
304 533 445 586 abundare
460 535 628 603 oppidanos,
653 548 688 584 ex
700 532 826 601 perfugia
842 547 886 584 eu-

80 611 210 673 gnosset3
225 643 227 646 -
242 619 313 672 aqua
330 602 489 671 ¹prohibere
515 603 624 656 bostem
649 609 759 658 tentare
785 605 886 670 coepit.

19 704 29 746 f
80 676 200 728 Flumen
211 675 335 725 intimam
345 672 447 726 vallem
459 675 605 738 dim'dcbat,
613 688 687 742 ‚quae
698 678 787 724 toturn
799 687 887 740 paene

81 751 207 798 montem
219 745 362 812 cingebat,
393 745 422 794 in
439 760 494 812 quo
505 745 626 812 positum
638 748 699 796 erat
708 748 887 811 praeruptum

81 815 205 883 undique
221 813 351 880 oppidum
362 813 577 866 Uxellodunum·
611 815 675 866 Hoc
684 812 789 865 flumen
800 813 888 864 averti

81 885 139 944 loci
156 891 255 938 natura
272 881 450 950 prohibebat3
482 885 522 936 aio
537 885 610 936 enim
625 887 655 936 in
670 885 733 935 imis
749 883 888 934 radicibus

83 957 187 1006 nrontis
199 953 350 1014 ferebatur,
362 953 797 1021 utnullaminpartemdepressis
807 953 890 1004 fossis

83 1025 203 1076 derivari
229 1029 330 1090 posset.
357 1023 437 1074 ¹Erat
457 1031 602 1090 autem-op
622 1025 711 1076 idanis
729 1023 847 1076 dillicilis
861 1028 890 1076 et

82 1100 253 1163 praeruptus
264 1107 297 1144 eo
310 1093 472 1158 descensus,
493 1100 534 1158 ut,
553 1039 764 1161 profluentibus
777 1094 890 1155 nostris,

83 1166 145 1229 sinc
157 1164 319 1216 vulneribus
326 1178 363 1214 ac
375 1165 499 1230 periculo
510 1165 583 1216 vitae
594 1165 769 1232 neque'ndire
777 1163 890 1224 llumen,

83 1249 174 1302 neque
182 1234 273 1285 arduo
285 1249 315 1284 se
326 1236 451 1300 recipere
462 1241 576 1301 possent
585 1233 729 1286 adscensu.
766 1233 828 1296 Qua
839 1232 890 1283 dii-

84 1304 210 1356 licultate
222 1319 317 1355 eorum
330 1305 450 1372 cognita,
471 1306 585 1365 caesar,
606 1303 759 1371 sagittariis
771 1303 897 1354 fundite

84 1376 217 1441 cibusque
230 1373 378 1440 dispositis,
394 1377 540 1425 tormentis
552 1372 809 1440 etiamquibusdam
818 1373 891 1434 locis

85 1450 185 1496 contra
197 1443 345 1494 facillimos
354 1444 505 1494 descensus
516 1443 671 1507 collocatis,
686 1457 759 1510 aqua
770 1441 891 1492 llurniois

85 1513 251 1582 prohibebat
261 1513 432 1580 oppidanos,
456 1527 577 1580 quorum
590 1515 679 1564 omnis
691 1520 789 1579 postea
800 1511 891 1562 multi·
977 1578 981 1587 Ι

84 1583 153 1636 tudo
165 1589 298 1651 aquatum
310 1593 394 1634 unum
405 1585 434 1633 in
445 1582 534 1634 locum
546 1583 737 1635 conveniebat.

139 1654 212 1706 XLl.
239 1652 296 1704 Sub
317 1654 501 1720 ipsum·enim
517 1653 621 1720 „oppidi
643 1667 753 1704 usurum
774 1665 891 1718 magnus

87 1723 150 1774 fons
161 1737 250 1791 aquae
262 1722 472 1790 prorumpebat,
494 1724 527 1775 ab
540 1738 574 1774 eo
585 1730 673 1789 parte,
694 1737 764 1791 quae
776 1719 835 1772 fere
846 1735 892 1787 po

87 1793 153 1844 dum
166 1793 231 1844 CCC
243 1793 394 1847 intervallo.
403 1791 524 1844 lluminis
540 1794 658 1844 circuitu
671 1794 794 1846 vocabat.
830 1791 891 1842 Hoc

86 1861 164 1916 fonte
175 1861 316 1930 prohiberi
332 1878 413 1930 posse
424 1863 577 1930 oppidanos
593 1879 677 1930 quum
689 1867 818 1930 optarent
828 1861 891 1912 reli·

84 1934 143 2002 qui,
156 1934 258 1984 Caesar
267 1947 338 1983 uuus
351 1933 469 1997 rideret3
481 1950 496 1985 e
507 1935 625 2002 regione.
633 1936 797 1984 eiusvvineas
807 1945 892 2000 agere

87 2003 221 2059 advorsus
232 2008 367 2068 montem,
394 2009 423 2054 et
433 2019 549 2071 aggeres
560 2007 699 2056 inst-ruere
712 2007 817 2070 coepit,
837 2015 892 2052 ma·

87 2088 142 2140 gno
155 2088 215 2124 mun
227 2072 323 2124 labore
340 2079 369 2124 et
385 2075 517 2140 continua
530 2074 719 2126 dimicatione.
755 2071 892 2140 Oppidani

88 2143 169 2207 enirn,
191 2143 253 2194 loco
265 2145 407 2208 superiore
419 2143 609 2208 decurrentes,
630 2145 810 2196 eminussine
822 2143 892 2208 peri·

88 2212 150 2263 culo
173 2212 396 2278 proeliabantur,
417 2213 575 2281 multosque
598 2215 780 2280 pertinaciter
800 2225 893 2262 sucee-

54 2339 55 2344 ,
87 2283 185 2334 dentes
197 2282 392 2346 vulnerabant3
409 2287 442 2332 ut
453 2287 546 2334 tanuen
555 2279 613 2334 'nou
622 2282 833 2334 deterrerentur
843 2280 892 2330 mi-

88 2353 151 2404 lites
163 2354 251 2403 nostri
264 2354 358 2404 vineas
369 2351 510 2419 prolerre,
541 2357 625 2420 atque
638 2352 768 2418 operibus
781 2349 891 2401 vincere

88 2423 212 2472 locorum
229 2418 412 2474 difficultates.
448 2421 553 2472 Eodem
570 2428 696 2488 tempore
712 2426 803 2473 tectos
818 2421 892 2471 euni-

88 2492 165 2544 culos
180 2493 215 2543 ab
232 2493 318 2543 vineis
336 2498 423 2559 agunt
438 2491 473 2542 ad
490 2498 573 2558 caput
588 2491 688 2552 furitis,
718 2491 892 2558 quodgenue

86 2563 180 2629 operis
196 2562 329 2613 sine-ullo
342 2561 467 2628 periculo
483 2567 513 2612 et
523 2565 583 2612 sine
599 2561 755 2628 suspicione
770 2558 891 2611 bostium

88 2632 179 2684 lacere
194 2632 304 2684 licebat.
341 2633 502 2683 Exstruitur
516 2647 601 2699 agger
617 2633 645 2681 in
657 2631 835 2682 altitudinem
847 2645 892 2696 pe-

86 2703 152 2756 ‹luur
164 2701 211 2766 lX,
234 2701 386 2753 collocatur
396 2703 423 2752 in
437 2717 469 2754 eo
481 2703 568 2754 turris
580 2703 606 2754 X
617 2698 819 2764 tabulatorum,
835 2717 890 2760 non
