2124 3154
309 193 620 248 FRAGMENTA.
820 197 869 252 521

64 299 138 354 dunt
147 304 240 350 autem
251 297 282 348 in
298 311 427 348 sermone
442 299 521 350 vario
533 299 636 362 multa,
667 283 737 367 qude
749 299 871 356 fortasse

62 369 133 431 illis,
144 383 206 420 cum
218 368 284 428 dixi,
296 383 347 418 uec
356 368 502 432 illiterata,
514 385 566 420 uec
577 369 871 422 insulsaesserideao-

73 445 124 489 tur.
160 438 241 488 Haec
256 437 291 489 ad
303 437 383 487 illum
399 453 459 488 cum
471 439 587 506 reliquis
598 442 670 506 actis
683 439 872 506 perimuntur.

75 507 114 558 ita
124 507 197 559 enim
209 507 269 572 ipse
281 506 430 558 mandarit.
466 507 512 559 sic
523 507 565 570 iit,
577 515 618 570 ut,
633 511 656 560 si
669 509 734 574 quid
747 515 872 577 praeter·

66 577 151 644 eade
162 592 206 627 me
219 577 327 639 audiat,
349 591 406 627 nou
426 578 594 629 audiendum
606 585 694 646 putet.
719 577 775 630 Cic.
787 578 832 631 lib.
846 577 871 629 9.

61 643 109 698 'od
117 647 193 699 Fam.
205 661 245 714 ep.
258 645 298 699 lli.
308 647 345 698 ad
354 646 426 714 Pop.
435 643 559 698 Paetum.

335 713 422 770 Dicta
433 718 604 769 collectanea.

63 847 66 853 Ι
122 785 263 838 Feruntur
275 792 304 838 et
313 801 331 837 a
343 801 428 853 puero
436 794 464 838 et
474 786 508 838 ab
520 786 872 854 adolescentuloquacdam

72 856 174 921 scripta
185 863 236 908 etc.
248 857 315 908 item
326 854 413 908 Dicto
423 858 595 908 collectaneo.
607 871 674 924 quos
686 871 781 907 onmes
794 855 872 908 libel·

72 925 115 978 los
125 927 214 978 vetuit
224 927 365 995 Augustus
376 927 525 992 publicari,
548 925 622 978 Suet.
632 926 661 980 in
673 925 751 980 Caes.
762 943 784 978 c.
794 923 837 979 ὀᾶ

64 1057 66 1062 ,
373 995 572 1064 Eplteorerideo.

66 1115 69 1121 .
124 1065 251 1118 C.1ulius
264 1067 366 1118 Caesar
381 1081 442 1117 cum
460 1067 605 1119 dimicaret
615 1067 644 1118 in
657 1067 764 1132 Gallie,
798 1074 827 1118 et
838 1068 872 1118 ab

64 1137 150 1192 ¹hoste
162 1142 269 1203 raptus,
291 1152 362 1204 equo
374 1137 436 1187 eius·
446 1143 607 1203 portaretur
618 1144 756 1200 armatus,
780 1152 874 1188 occur-

65 1210 108 1266 ¹rit
119 1206 230 1278 quidam
243 1221 278 1259 ex
289 1205 425 1268 hostibus,
438 1206 485 1274 qui
497 1223 558 1258 eum
571 1215 680 1259 nosset:
693 1213 722 1258 et
734 1207 872 1258 insultans
907 1233 910 1236 ·
984 1270 987 1278 ι

70 1281 111 1332 ait
123 1278 213 1341 cecos,
237 1275 348 1338 Caesar,
365 1276 440 1344 quod
456 1277 600 1328 Gallorum
622 1277 728 1344 lingua,
744 1274 874 1339 Dimitte,

49 1350 222 1418 ..significatz
245 1356 274 1402 et
284 1349 325 1397 ita
335 1346 439 1397 iactum
455 1352 512 1410 est,
533 1353 565 1397 ut
576 1347 775 1398 dimitteretur.
811 1346 879 1402 lloc,

65 1426 163 1484 ¹autem
174 1420 235 1487 ipse
247 1420 349 1471 Cacsar
360 1417 388 1466 iu
401 1416 588 1483 Ephenreride
600 1431 652 1468 sua
664 1417 738 1477 dicit,
754 1415 801 1479 ubi
812 1430 875 1482 pro-

69 1491 160 1558 prium
178 1493 379 1545 commemorat
395 1487 568 1541 felicitatem.
605 1485 716 1538 Seruius
732 1486 761 1538 io
774 1485 820 1537 lit.
834 1483 873 1536 ll.

70 1560 201 1614 Aeneidos
217 1558 338 1630 Virgilii.

86 1669 88 1674 -
328 1628 410 1682 Libri
420 1627 621 1696 Auspiciorum.

67 1752 70 1756 ,
122 1699 178 1753 Sed
189 1707 288 1753 contra
302 1702 390 1754 lulius
403 1698 576 1753 CaesarXVl
592 1697 785 1765 auspiciorum
801 1695 874 1750 libro

69 1782 158 1838 negat
178 1771 309 1828 nundinis
329 1771 642 1825 concionemadrocari
662 1784 755 1838 posse,
777 1767 805 1821 id
822 1777 875 1834 est,

70 1857 132 1892 cum
143 1841 246 1910 populo
258 1843 322 1910 agi,
353 1843 471 1909 ideoque
483 1841 615 1893 nundinis
625 1842 815 1894 Romanorum
826 1839 876 1892 ha-

14 1931 20 1936 ·
68 1911 133 1962 beri
144 1912 258 1965 comitia
268 1927 325 1964 nou
336 1927 426 1980 posse.
445 1909 567 1965 Macrob.
579 1911 624 1964 lit.
637 1912 659 1964 l.
673 1911 784 1966 daturo.
796 1907 822 1966 cl
834 1911 873 1964 16.

393 1981 557 2050 Augorols'o.

68 2097 72 2103 .
122 2052 226 2104 Caesar
245 2053 275 2103 in
294 2053 492 2122 Auguralibus:
530 2051 562 2102 ai
581 2051 685 2104 nucero
702 2066 784 2120 pecus
804 2058 872 2103 eret.

66 2121 159 2174 Prisc.
170 2121 216 2174 tio.
227 2121 253 2174 6.

332 2188 393 2242 ·D0
406 2187 588 2245 Divinatione.

122 2260 219 2312 Genus
238 2260 413 2329 eloquentiae
435 2259 582 2312 dumtaxat
602 2260 764 2312 adolescens
784 2257 874 2311 adhue

66 2330 218 2384 Strabonis
230 2332 358 2382 Caesaris
370 2331 482 2383 secutus
497 2331 622 2382 videtur:
653 2330 731 2381 cuius
742 2329 825 2382 etiam
839 2344 874 2382 ex

10 2423 11 2430 1
67 2401 222 2464 Oratione,
242 2415 313 2468 quae
327 2403 489 2454 inscribitur
500 2400 559 2453 Pro
572 2399 684 2464 Sardis,
707 2400 742 2452 ad
757 2402 875 2452 verbum

65 2471 205 2528 nonnulla
216 2472 364 2525 transtulit
379 2475 407 2522 iu
425 2471 636 2524 Divinationem
654 2485 741 2522 suam.
779 2470 873 2523 aueto-

62 2540 129 2594 m'us
138 2540 169 2594 in
179 2539 305 2606 Caesare,
324 2558 347 2594 c.
358 2540 400 2594 55.

368 2611 567 2667 Astronomica.

119 2680 191 2733 Nam
204 2681 292 2734 lulius
305 2683 410 2735 Caesar
421 2690 452 2734 ut
465 2683 593 2736 Siderum
603 2688 705 2746 motus,
726 2681 872 2750 dequibus

62 2766 122 2806 aon
132 2751 261 2807 indoctos
271 2754 358 2808 libros
370 2755 496 2824 reliquit,
517 2757 550 2808 ab
561 2753 707 2820 *aegrotus
720 2753 873 2822 disciplinis
