2150 3124
330 183 501 240 'LlBEll
527 170 615 238 ‘'lla'‘
656 185 696 200 “’
851 186 884 238 ol

72 290 200 344 bostium
215 289 310 360 lugam
321 291 409 358 captia
419 291 529 359 oppidis
539 292 667 359 reprimi,
687 291 778 359 neque
788 288 832 342 bis
841 306 889 343 no·

72 365 132 416 ceri
144 376 241 430 posse,
255 363 355 414 statuit
364 362 578 428 exspectandam
589 363 716 414 classem.
752 361 831 424 Quae
841 362 888 414 ubi

73 434 260 485 convenitne
280 433 398 498 primum
420 434 454 483 ab
474 431 600 484 hostibus
618 433 679 484 visa
698 437 754 495 eet,
779 429 890 484 circiter

72 503 176 556 CCXX
189 509 274 554 nares
288 517 383 554 eorum
399 504 591 568 paratissimae
605 505 690 572 atque
700 503 775 554 omni
785 515 890 570 genere

72 576 219 626 armorum
235 574 441 635 ornatissimae,
462 573 605 640 proiectae
621 577 763 639 exportu.
783 573 889 625 nostris
969 593 974 600 ·

72 645 210 697 adversae
220 644 420 694 constiterunt:
445 643 729 710 nequesatisBruto,
747 642 891 708 quiclassl

73 720 223 782 praeerat,
233 713 278 765 vel
287 712 406 764 tribunis
417 712 536 765 militum
546 711 822 780 centurionibusque,
832 713 891 781 qul·

73 785 127 836 bus
137 784 268 851 singulae
278 797 364 835 nares
375 788 455 835 eraut
465 784 639 846 adtributae,
655 784 813 846 constabat,
823 781 892 850 quid

73 860 208 924 agerem,
218 859 362 928 autquam
372 854 509 906 nationem
519 867 628 922 pugnas
638 854 809 906 insisterent.
838 853 892 906 llo·

75 931 137 976 stro
158 926 233 976 enim
252 925 350 976 noceri
368 935 424 974 nou
443 937 525 990 posse
545 928 745 992 cognoverunt3
765 923 891 978 turribus

75 999 173 1047 autem
184 996 327 1056 excitatis,
347 997 441 1046 tamen
453 993 502 1046 has
514 993 633 1045 altitudo
643 991 774 1062 puppium
785 1007 821 1046 ex
829 994 892 1048 bar·

75 1066 155 1117 baris
169 1064 286 1115 nasibus
300 1065 463 1130 superabat,
482 1069 515 1115 ut
529 1077 618 1132 nequa
634 1079 669 1116 ex
683 1065 817 1117 inferiore
827 1061 891 1116 loco

78 1137 148 1187 satis
159 1133 305 1186 commode
315 1134 374 1186 tela
383 1134 464 1186 adiici
475 1141 603 1201 possent,
623 1139 653 1186 et
662 1136 745 1187 missa
755 1135 789 1188 ab
801 1133 892 1186 Gallis

78 1209 191 1274 gravius
210 1203 378 1256 acciderent.
413 1205 474 1258 Una
488 1210 549 1256 erat
561 1218 663 1272 magno
679 1207 742 1256 usui
757 1219 802 1257 res
813 1217 893 1270 prse-

78 1281 179 1344 parata
189 1288 207 1325 a
216 1275 335 1337 nostris,
349 1273 436 1326 falces
445 1281 628 1342 praeacutae,
637 1276 761 1327 insertae
771 1274 893 1326 adiisse·

80 1361 135 1414 que
145 1344 295 1412 longuriis,
310 1359 366 1395 non
376 1345 495 1396 absimili
506 1344 597 1397 forma
607 1345 758 1396 muralium
769 1343 892 1394 falciunu

80 1417 135 1468 llis
147 1429 231 1482 quum
242 1412 339 1478 funes,
349 1415 395 1482 qui
406 1421 551 1466 antemnas
561 1416 598 1467 ad
608 1417 696 1468 malos
706 1413 894 1476 destinabant,

82 1485 276 1553 comprehensi
287 1483 454 1552 adductique
465 1489 558 1548 erant,
579 1485 689 1553 navigio
699 1487 785 1536 remis
796 1485 893 1535 incita·

83 1563 113 1608 to
124 1555 411 1626 praerumpebantur,
439 1555 545 1618 Quibus
556 1555 679 1618 abscisis,
690 1560 837 1606 antemnae
848 1567 895 1604 ne·

83 1627 206 1679 censurio
222 1625 421 1688 concidebant,
437 1631 483 1687 ut,
497 1640 582 1694 quum
594 1625 682 1676 omnis
693 1623 809 1676 Gallicis
820 1624 895 1674 nari·

83 1698 137 1748 bus
152 1709 215 1762 spes
225 1696 254 1745 in
264 1694 334 1746 velie
344 1698 579 1764 armamentisque
589 1697 769 1756 consisteret,
784 1691 825 1744 bis
837 1707 895 1745 crc-

83 1767 154 1834 ptis,
177 1767 267 1816 omnis
286 1779 353 1816 usus
373 1767 485 1816 navium
506 1779 562 1817 uno
583 1769 711 1832 tempore
730 1767 894 1831 eriperetur.

84 1836 233 1904 Reliquum
251 1841 313 1887 erat
327 1841 467 1896 certamen
478 1837 599 1900 positum
610 1851 638 1886 m
648 1838 765 1898 virtute,
784 1850 839 1902 qua
848 1847 896 1884 no·

55 1965 58 1974 ¹
85 1908 137 1957 stri
152 1904 257 1956 milites
267 1905 351 1957 facile
360 1905 542 1971 superabant,
562 1907 801 1974 atquceomagis,
820 1903 894 1973 quod

84 1981 114 2028 iu
134 1981 285 2042 conspectu
296 1975 423 2028 caesaris
444 1981 528 2043 atque
543 1978 631 2028 omnis
646 1980 785 2030 exercitus
795 1989 840 2027 res
851 1989 895 2042 ge·

85 2046 217 2108 rebatur,
237 2051 269 2096 nt
283 2043 392 2096 nullum
404 2045 499 2111 paullo
510 2045 610 2098 fortius
620 2046 724 2099 iactum
736 2044 824 2098 latere
835 2058 897 2112 poe-

85 2121 144 2168 set:
164 2129 260 2168 omnes
276 2116 348 2167 eninr
365 2115 451 2168 colles
467 2129 500 2167 ac
511 2117 573 2168 loce
583 2119 742 2184 superiore,
752 2116 825 2168 unde
835 2119 898 2167 erat

10 2191 12 2194 ¹
64 2186 259 2256 iwffinluufl
283 2185 432 2254 despectus
455 2186 584 2250 inmane,
618 2187 652 2240 ab
679 2187 802 2239 exercitu
821 2190 897 2236 tene-

88 2257 202 2310 bantur.

139 2324 199 2380 XV.
236 2325 373 2388 Deiectio,
391 2330 424 2377 ut
434 2325 567 2392 diximus,
588 2327 737 2386 antemnis,
750 2338 833 2392 quum
845 2323 900 2372 sin·
953 2381 956 2384 ¹

88 2397 168 2466 gulas
177 2395 261 2448 binae
274 2409 307 2447 uo
318 2400 415 2447 ternae
425 2409 508 2448 nares
519 2397 775 2458 circumsteterant,
795 2390 901 2444 milites

88 2480 196 2518 summu
216 2467 244 2516 ri
260 2465 457 2519 transcendere
471 2469 506 2526 in¹
516 2465 637 2518 bostium
655 2479 739 2516 naves
754 2461 901 2514 contende·

88 2538 165 2591 bant.
190 2536 272 2599 Quod
284 2541 430 2604 postquam
440 2537 551 2590 barbari
564 2538 624 2589 lieri
636 2535 901 2595 animadverterunt,

90 2608 256 2676 expugnatis
267 2606 456 2672 compluribus
467 2607 596 2671 naribus,
606 2620 691 2676 quum
703 2605 728 2656 ei
740 2606 781 2656 rei
791 2602 899 2654 nullum

89 2677 261 2746 reperiretur
276 2674 423 2740 auxilium,
438 2676 506 2746 loga
514 2676 632 2729 sulutem
644 2682 740 2744 petere
752 2671 900 2725 contende·

89 2753 168 2801 runts
189 2761 223 2802 ac
238 2748 294 2800 iam
309 2749 448 2801 conversis
464 2749 493 2800 iu
504 2763 564 2801 eam
575 2751 683 2815 partem
693 2745 822 2807 nuribus,
843 2752 898 2810 quo
