2152 3144
181 219 233 276 *iffi
361 223 392 277 Α.
411 217 552 278 triarii
569 217 624 278 DE
643 217 783 280 benuo

177 311 375 382 *rem'ieliciter
385 329 503 399 gerebat
512 329 754 400 Alexandriaeque
764 345 847 399 qrrnm
859 329 989 398 periculo

181 413 301 468 magno,
321 405 381 452 tum
393 398 477 451 etiarn
489 401 595 452 maiore
611 401 727 468 periculi
742 399 817 455 lama
827 401 990 464 dimicabat,

183 471 217 533 Q.
230 470 340 522 Cassius
351 469 508 536 Longinus,
530 469 559 520 in
570 469 708 537 Hispania
720 477 910 539 propraetore
922 485 989 537 pro-

182 541 290 592 vinciae
311 540 453 591 ulterioris
473 539 641 592 obtinendae
662 555 760 592 earrssa
779 543 906 602 relictus,
925 540 988 592 sire

183 608 385 662 consuetudine
397 614 514 660 naturae
525 623 603 673 suae,
614 611 671 660 sive
685 609 765 673 odio,
785 609 858 678 quod
867 607 896 661 in
907 609 991 660 illam

182 679 352 748 provinciam
368 684 529 745 susceperat
545 685 690 746 quaestor,
712 693 748 730 ex
761 679 920 734 insidiisibi
930 678 992 730 iul·

182 755 312 811 noratur,
332 761 448 816 magnas
460 747 519 800 odii
530 751 573 801 sui
586 748 692 801 iecerat
706 750 894 812 accessionem
912 747 992 816 quod
1066 783 1067 814 ,

182 819 227 870 rel
239 833 273 870 ex
288 819 463 870 conscientia
478 833 542 881 sua,
562 821 656 886 (quum
674 817 708 869 de
724 833 755 871 se
771 818 991 870 mutuo'seatire
1066 819 1067 864 1

182 886 353 956 provinciam
365 887 512 950 erederet)
524 887 568 939 rel
576 888 670 939 multis
682 887 773 956 signis
781 895 811 941 et
818 887 991 940 testimoniis

184 972 289 1019 eorum,
310 957 359 1025 qui
377 955 526 1008 difficulter
546 957 610 1008 odia
620 957 842 1021 dissimulabant,
864 959 990 1009 animum

183 1027 331 1080 advertere
346 1031 471 1092 poterat3
491 1031 521 1077 et
531 1041 712 1093 compensare
728 1026 909 1080 offensionem
926 1037 992 1094 pro-

182 1095 291 1148 vinciae
304 1096 442 1156 exereitus
454 1110 549 1148 amore
561 1097 697 1162 cupiebat.
720 1096 827 1166 ltaque,
837 1113 922 1166 quum
932 1099 992 1164 pri-

176 1181 260 1219 mum
269 1165 297 1217 in
309 1180 394 1217 unum
405 1165 496 1216 locum
508 1167 664 1217 exercitum
676 1167 819 1231 conduxit,
835 1166 885 1219 HS
896 1169 992 1219 oente-

184 1252 236 1288 uos
247 1236 382 1288 militibus
394 1242 437 1286 ost
449 1235 599 1302 pollicitus:
619 1251 671 1286 nec
680 1236 769 1288 multo
780 1241 852 1304 post,
864 1250 948 1305 quum
959 1237 991 1288 in

184 1304 334 1360 Lusitania
349 1303 549 1372 Medobregam
570 1305 700 1373 oppidum
721 1313 899 1375 montemque
915 1305 992 1358 ller-

184 1377 301 1428 minium
314 1382 515 1444 expugnasset,
537 1390 592 1444 quo
605 1375 842 1444 Medobregenses
859 1373 992 1444 coniuge·

185 1452 259 1510 rant,
270 1447 362 1514 ibique
373 1447 524 1513 imperator
534 1452 610 1498 esset
621 1445 787 1514 adpunctus,
803 1445 852 1498 HS
863 1447 993 1498 centenis

184 1516 289 1568 milites
301 1515 422 1566 donavit.
454 1513 545 1567 Multa
555 1521 702 1582 praeterea
713 1520 742 1568 et
752 1530 854 1584 magna
864 1516 992 1582 praemia

185 1585 304 1654 singulis
313 1584 490 1649 concedebat,
499 1601 569 1653 quas
579 1586 734 1652 speciosum
745 1585 902 1652 reddebant
910 1599 991 1651 prae-

185 1662 292 1706 sentem
313 1655 454 1706 exercitus
473 1668 612 1718 amorem3
630 1653 775 1722 paullatim
791 1661 885 1706 tamen
902 1660 931 1705 et
947 1669 993 1706 oc-
1066 1685 1067 1706 n

186 1723 261 1776 culte
276 1723 427 1777 militarem
442 1723 617 1791 disciplinam
633 1723 869 1792 severitatemque
884 1726 992 1775 minue·
1066 1775 1067 1806 ἓ

184 1792 336 1912 banltllnlx.
355 1859 481 1924 Cassius,
496 1859 655 1928 legionibus
665 1863 695 1913 in
710 1857 827 1914 hiberna
838 1859 991 1927 dispositis,

186 1929 221 1983 ad
233 1933 276 1981 ius
286 1929 432 1982 dicendum
444 1931 599 1982 cordubam
616 1946 646 2002 se
662 1932 782 1999 recepit,
802 1935 991 1983 contractum-

185 2016 238 2074 que
254 2000 282 2051 in
299 2015 333 2052 ea
347 2015 395 2051 aes
411 1998 532 2051 alienum
548 2001 722 2068 gravissimis
736 2001 869 2053 oneribus
880 2001 990 2068 provin-

185 2073 243 2124 ciae
254 2070 400 2122 constituit
411 2069 570 2133 exsolvere,
592 2075 631 2134 et,
652 2077 684 2122 ut
695 2071 852 2139 largitionis
863 2070 990 2136 postulat
1066 2125 1067 2128 ,

185 2141 366 2202 consuetudo,
377 2155 427 2206 per
438 2155 562 2191 cerussam
575 2133 751 2192 liberalitatis
762 2140 917 2210 speciosam
929 2139 989 2207 plu·
1066 2145 1067 2188 ξ

178 2217 217 2264 “ra
228 2210 358 2282 largitori
368 2211 581 2278 quaerebantur,
594 2211 728 2277 pecuniae
739 2209 926 2278 locupletibus
934 2212 989 2261 'im-

183 2281 368 2349 perabantur3
387 2293 454 2350 quas
467 2279 613 2348 Longinus
629 2281 682 2331 sibi
698 2291 833 2348 expensas
849 2278 917 2332 ferri
930 2289 985 2330 non

184 2357 292 2403 tanturn
309 2350 476 2418 patiebatur,
493 2351 542 2402 sed
561 2353 648 2401 ctiam
668 2351 792 2418 cogebat.
828 2350 858 2402 ln
871 2362 984 2416 gregem

182 2420 363 2486 locupletium
380 2417 552 2471 simultatum
567 2431 681 2471 caussae
691 2426 791 2472 tenues
802 2417 985 2470 coniieieban·
1066 2467 1067 2474 ,

182 2495 237 2552 tor,
249 2503 339 2556 neque
350 2487 439 2540 ullum
455 2503 543 2556 genus
558 2495 702 2556 quaestus,
724 2494 773 2540 aut
784 2489 877 2556 magni
889 2494 919 2540 et
928 2488 983 2538 eri-
1066 2485 1067 2538 i

182 2556 282 2620 dentis,
293 2563 342 2609 aut
352 2557 458 2607 minimi
471 2563 499 2609 et
510 2557 625 2621 sordidi,
636 2559 921 2626 praetermittebatur,
929 2570 983 2623 quo

180 2624 280 2674 domus
293 2631 322 2676 et
333 2625 457 2676 tribunal
469 2627 647 2693 imperatoris
656 2635 779 2680 careret.
810 2627 898 2680 Nemo
912 2633 982 2691 crat,

180 2692 226 2756 qui
238 2693 320 2743 inodo
332 2693 453 2759 aliquam
464 2696 599 2747 iacturam
616 2697 709 2749 lacere
729 2703 837 2765 posset,
857 2697 922 2764 quin
933 2701 981 2747 sut
1066 2703 1067 2716 ³

179 2757 337 2810 vadimonio
359 2767 514 2824 teneretur,
535 2770 584 2815 aut
602 2765 632 2817 ln
653 2779 717 2818 reos
738 2766 902 2819 referretur.
937 2765 980 2816 lts
