2180 3140
194 159 246 214 aar
404 161 460 215 un
479 151 622 214 aeneo
644 111 781 214 crvier

192 265 308 334 Longus
320 267 401 334 unius
412 265 530 331 legionis
548 265 688 331 praesidio
698 265 854 326 tuebaturz)
870 265 995 332 retiquae

193 337 322 388 Caesaris
333 350 417 386 naves
428 337 488 386 eius
501 335 568 402 iuga
578 334 759 386 Adrumetum
771 349 801 385 se
819 341 994 400 receperunt.

192 407 274 458 Hauc
286 412 396 456 secutus
407 405 446 454 M.
458 403 547 455 Rufus
563 409 696 470 quaestor
711 405 825 454 navibus
841 403 997 467 duodecim,

192 491 261 543 quas
272 475 410 542 praesidio
421 474 560 525 onerariis
571 474 686 525 navibus
693 474 776 524 Curio
788 487 821 525 ex
828 472 923 524 Sicilia
934 474 999 526 edu-

191 553 281 607 xerat,
293 550 439 612 postquam
450 546 478 593 in
490 543 585 594 littore
596 543 723 595 relictam
734 558 831 595 navem
842 546 998 609 conspexit,

192 614 263 666 hanc
273 614 397 666 remulco
409 614 559 665 abstraxit:
578 615 636 682 ipse
648 613 684 664 ad
696 615 843 666 Curionem
856 615 997 666 camelas·

193 701 224 736 se
234 684 316 736 redit.

244 753 345 805 xxiv.
365 754 447 804 Curio
455 753 581 806 Marcum
587 752 695 805 Vticam
706 754 820 806 navibus
828 754 995 820 praemittit:

192 827 253 890 ipse
265 822 361 874 eodem
373 837 435 872 cum
446 825 572 874 exercitu
583 825 777 890 proficiscitur,
797 823 931 891 biduique
943 825 996 875 iter

192 905 372 960 progressus,
403 892 439 942 ad
455 891 559 944 flumen
571 893 729 960 Bagradam
745 895 883 961 pervenit:
915 895 952 944 ibi
965 895 994 944 (¹.

193 961 473 1014 CaniniumRebilum
484 962 608 1030 legatum
615 979 676 1014 cunr
683 963 994 1031 legionibusreiinquit:

191 1033 251 1097 ipse
272 1045 333 1082 cum
355 1032 481 1096 equitatu
500 1033 643 1083 antecedit
662 1033 697 1084 ad
720 1038 811 1084 castra
826 1031 997 1098 exploranda

192 1101 368 1162 Corneliana,
381 1100 452 1167 quod
465 1102 488 1150 is
500 1101 577 1151 locus
586 1103 753 1168 peridoneus
764 1104 864 1154 castris
877 1101 996 1153 habeba

191 1179 246 1222 tur.
286 1169 315 1221 id
327 1175 418 1221 autem
430 1176 474 1220 est
484 1171 581 1238 iugum
592 1172 741 1234 directum,
762 1175 888 1225 eminens
899 1173 927 1221 in
941 1187 997 1222 mar

190 1257 221 1294 re
228 1279 236 1304 ,
258 1246 376 1307 utraque
398 1253 433 1290 ex
454 1246 533 1305 parte
555 1247 734 1308 praeruptum
755 1248 837 1313 atque
855 1255 997 1308 asperum,

191 1311 240 1362 sed
253 1316 344 1361 tamen
358 1309 451 1377 paullo
463 1310 570 1362 leniore
586 1310 699 1378 fastigio
710 1313 744 1363 ab
756 1327 789 1364 ea
801 1317 893 1378 parte,
924 1326 996 1377 quas

191 1381 227 1432 ad
246 1382 355 1432 Uticam
375 1380 473 1446 vergit.
511 1380 597 1432 Abest
616 1381 721 1432 directo
743 1383 843 1433 itinere
864 1381 898 1432 ab
916 1381 997 1430 Utica

191 1451 285 1518 paullo
301 1448 417 1516 amplius
433 1464 564 1516 passuum
580 1451 655 1502 mil-e.
692 1451 746 1503 Sed
764 1451 817 1502 hoc
831 1451 935 1502 itinere
951 1457 997 1501 est

191 1520 264 1581 sons,
283 1534 337 1588 quo
350 1534 426 1570 mare
437 1521 560 1572 succedit
570 1519 692 1589 longius,
706 1522 817 1589 lateque
829 1522 852 1570 is
864 1520 942 1571 locus
952 1534 996 1570 re

191 1596 318 1657 stagnat:
337 1603 417 1656 quem
429 1591 452 1640 si
463 1592 508 1656 qui
518 1591 607 1642 vitare
617 1590 746 1654 voluerit,
762 1606 811 1642 sex
821 1591 928 1640 milium
941 1590 995 1640 cir-

191 1662 269 1712 cuitu
279 1660 308 1710 in
322 1657 452 1724 oppidum
464 1662 615 1724 perveniet.

243 1728 328 1780 XXV.
348 1728 409 1777 Hoc
421 1729 564 1793 explorato
576 1728 647 1792 loco,
659 1730 742 1780 Curio
753 1737 845 1781 castra
851 1729 919 1782 Vari
930 1744 996 1780 cern·

191 1800 281 1864 spicit,
301 1811 380 1847 muro
393 1798 550 1865 oppidoque
563 1801 721 1861 coniuncta,
740 1800 774 1850 ad
788 1803 905 1866 portam,
922 1813 996 1865 quae

191 1868 346 1934 adpellatur
368 1865 481 1928 bellica,
511 1867 660 1919 admodum
681 1870 908 1924 munitanatura
927 1869 996 1917 loci:

157 1993 160 2002 Ι
190 1952 246 1987 una
267 1952 300 1988 ex
322 1940 400 2002 parte
420 1936 482 2002 ipso
499 1937 600 2003 oppido
617 1938 705 1998 Utica,
736 1938 826 1990 altera
841 1954 858 1989 a
874 1938 997 2000 theatr0,

191 2007 264 2074 quod
275 2010 394 2058 estante
406 2006 545 2072 oppidum,
568 2007 822 2060 substructionibus
835 2010 892 2060 eius
903 2009 997 2073 operis

191 2078 319 2128 maximis
331 2075 408 2126 aditu
424 2075 567 2138 adcastra
582 2071 881 2146 difficili'etangusto.‘
905 2077 997 2128 Simul

191 2147 400 2208 sninradvertit,
433 2147 521 2197 muita
532 2147 654 2214 undique
666 2150 774 2216 portari
784 2155 867 2216 atque
879 2148 925 2214 agi
935 2146 996 2214 ple·

191 2218 315 2268 nissimis
327 2215 386 2277 viis,
399 2231 469 2283 quae
480 2219 618 2282 repentini
630 2219 912 2270 tumultustimoreex
918 2217 996 2284 agris

191 2288 220 2338 in
239 2287 336 2338 urbem
357 2282 546 2338 conferantur.
583 2288 647 2339 Huc
663 2291 817 2357 equitatum
839 2287 939 2348 mittit,
961 2291 996 2336 ut

191 2356 327 2423 diriperet
333 2355 607 2422 atquehaberetioco
614 2359 742 2424 praedae.
754 2357 913 2424 Eodemque
924 2362 995 2406 tem·

192 2424 261 2493 po're
272 2424 314 2476 his
325 2425 410 2476 rebus
422 2427 546 2478 subsidio
559 2430 683 2479 sexcenti
695 2425 944 2495 equitesNumidae
956 2438 995 2474 cx

193 2494 294 2561 oppido
310 2494 473 2562 peditesque
494 2495 688 2564 quadringenti
708 2499 858 2548 mittuntur
874 2510 891 2545 a
905 2494 995 2554 Varo,

152 2573 154 2582 ·
193 2579 262 2630 quos
273 2562 370 2614 auxilii
382 2577 481 2614 caussa
497 2578 548 2616 rex
560 2565 627 2616 Iuba
644 2568 738 2632 paucis
750 2566 847 2617 diebus
858 2571 923 2616 ante
934 2564 998 2613 Uti-

193 2647 252 2682 cam
263 2633 387 2692 miserat
406 2631 479 2682 Huic
491 2639 520 2684 et
531 2638 675 2700 paternum
687 2634 836 2701 hospitium
846 2650 908 2686 cum
916 2633 998 2684 Pom·

192 2701 255 2761 peto
276 2705 305 2750 et
326 2699 453 2749 simultas
468 2716 530 2752 eum
547 2704 666 2755 Curione
683 2703 890 2767 intercedebat;
920 2701 1002 2769 qnod
