2152 3144
342 181 348 224 Ι
393 179 545 234 LIBER
564 181 657 235 tlt
861 179 913 236 ddi)

107 289 155 335 tos
166 283 331 336 novissimos
342 282 452 350 proelio
463 283 618 336 detinebat.
647 285 721 337 lluic
731 297 797 335 suos
809 285 912 336 Gaesao

107 357 217 424 equites
236 355 365 420 opposuit
384 353 584 422 expeditosque
607 355 806 422 antesignanos
828 353 912 406 admi-

107 427 181 476 scuit
197 423 429 492 quadringentos,
461 425 507 490 qui
523 429 632 474 tautum
650 423 840 490 proiecerunt,
870 428 912 484 ut,

108 495 232 563 equestri
250 493 532 558 proelio'commisso,
557 494 697 560 pellerent
707 508 818 554 omnes,
840 507 911 542 conr·

108 565 259 632 pluresque
270 562 476 626 interficerent,
494 564 605 632 ipsique
615 561 769 613 incolumes
780 577 810 614 se
821 560 857 612 ad
867 576 913 630 ag-

108 650 174 686 men
187 635 351 697 reciperent.
677 671 679 678 ,

164 701 288 756 LXXVl.
307 701 439 754 Confecto
456 703 529 753 iusto
545 703 647 754 itinere
664 703 723 754 eius
739 702 808 763 diei,
840 699 914 768 quod

110 777 300 840 proposuerat
310 773 421 836 Caesar,
442 770 662 840 tramductoque
674 775 799 824 exercitu
811 769 914 824 llumeu

110 843 269 906 Genusum,
299 843 440 894 veteribus
455 843 513 894 suis
529 843 558 891 in
570 843 669 894 castris
685 849 784 893 contra
798 843 915 908 Aspara·

110 914 188 980 glum
201 913 326 963 consedit
337 913 493 980 militesque
505 926 600 963 omnes
611 913 687 964 intra
697 911 800 963 vallum
812 917 916 961 castro·

111 997 174 1033 rum
186 983 326 1032 continuit
337 985 556 1050 equitatumque,
570 997 619 1048 per
629 996 754 1034 caussam
764 980 917 1048 pabulanffi

112 1053 251 1114 emissum,
274 1050 419 1103 confestim
431 1051 585 1102 decumana
596 1057 679 1118 porta
688 1053 719 1103 in
728 1057 822 1104 castra
831 1065 861 1101 se
873 1065 916 1101 re*

112 1121 205 1186 cipere
225 1122 314 1171 iussit.
350 1120 441 1172 Simili
462 1123 572 1174 ratione
593 1122 756 1188 Pompeius,
787 1119 916 1172 corriecto

113 1190 237 1242 eiusdem
259 1190 315 1241 diei
335 1193 449 1253 itinere,
479 1192 509 1241 in
529 1193 587 1242 suis
609 1191 749 1244 veteribus
768 1191 866 1241 castris
880 1189 916 1240 ed

112 1261 296 1326 Asparagium
308 1261 443 1323 consedit,
466 1262 581 1328 eiusque
591 1259 705 1324 milites,
722 1258 797 1327 quod
807 1261 841 1310 ab
853 1274 917 1325 ope·

113 1346 159 1393 re,
174 1330 306 1397 ¹integris
317 1330 532 1392 munitionibus,
555 1331 706 1391 *vacabant
735 1329 783 1380 alii
793 1327 917 1396 lignandi

113 1399 322 1468 pabulandique
332 1414 431 1451 caussa
439 1401 549 1466 longius
561 1399 828 1468 progrediebarrtur3
859 1396 917 1459 alii,

9 1493 11 1500 a
113 1468 189 1538 quod
199 1471 292 1520 subito
305 1469 449 1520 consilium
461 1468 645 1535 profectionis
657 1474 797 1536 ceperant,
818 1481 919 1534 niagno

115 1545 199 1608 parte
206 1539 467 1606 impedimentorum
474 1545 502 1590 et
509 1539 796 1600 sarcinarumrelicta,
807 1537 843 1587 ad
851 1535 919 1588 haec

115 1609 274 1676 repetenda
283 1611 392 1660 invitati
408 1610 620 1676 propinquitate
630 1609 803 1674 superiorum
816 1613 920 1656 castro·

115 1678 192 1742 rum,
220 1679 355 1746 depositis
366 1681 395 1730 in
408 1679 589 1732 contubernio
602 1679 700 1740 armis,
720 1676 824 1728 valltrm
837 1676 918 1727 relin-

115 1751 246 1818 quebant.
281 1749 389 1812 Quibus
399 1748 436 1800 ad
447 1748 618 1816 sequendum
629 1747 782 1814 impeditis,
808 1747 918 1807 Caesar,

115 1818 188 1888 quod
199 1819 260 1870 fore
271 1819 440 1886 providerat,
456 1818 610 1874 meridiano
622 1816 681 1870 lere
690 1823 826 1884 ternpore,
838 1818 918 1884 signo

114 1888 296 1957 profectionis
306 1889 386 1952 dato,
419 1889 571 1941 exercitum
583 1887 692 1952 educit,
721 1887 920 1954 duplicatoque

116 1960 175 2010 eius
187 1958 241 2010 dici
252 1960 365 2021 itinere,
390 1965 452 2010 octo
464 1958 540 2010 milia
549 1973 681 2025 passuum
692 1971 727 2010 ex
737 1972 771 2010 eo
783 1957 845 2008 loco
858 1970 920 2022 pro·

115 2028 201 2080 cedit:
233 2027 308 2096 quod
319 2027 578 2096 tacerel’ornpeius
594 2028 718 2082 discessu
728 2027 850 2080 militum
862 2041 919 2076 non

114 2097 213 2164 potuit.
411 2115 413 2120 ¹

167 2165 308 2219 LXXVIL
325 2165 445 2218 Postero
457 2167 502 2220 die
514 2168 625 2230 Caesar,
647 2166 776 2219 similiter
787 2165 918 2232 praeniis-

114 2236 153 2287 sis
165 2236 255 2301 prima
266 2245 347 2288 nocte
358 2237 573 2303 impedimentis,
594 2237 629 2288 de
640 2242 740 2306 quarta
750 2235 848 2299 vigilia
857 2235 920 2300 ipsa

116 2303 266 2372 egreditur,
281 2310 322 2368 ut,
338 2307 360 2355 si
373 2321 428 2374 qua
439 2312 514 2359 esset
525 2308 656 2374 imposita
666 2305 814 2358 dimicandi
823 2317 918 2354 neces·

116 2377 193 2436 situs,
204 2375 324 2426 subitum
337 2390 430 2426 casum
443 2375 572 2442 expedito
585 2377 709 2428 exercitu
723 2375 836 2433 subiret.
856 2373 919 2423 lloe

115 2445 187 2498 idem
198 2445 310 2510 reliquis
327 2443 394 2495 iecit
407 2444 513 2496 diebus.
549 2445 655 2508 Quibus
670 2446 753 2498 rebus
764 2442 919 2510 perlectum

115 2520 166 2576 est,
188 2519 220 2565 u't
229 2513 370 2566 altissimis
382 2514 541 2567 fluminibus
552 2522 635 2586 atque
646 2513 865 2582 impeditissimis
877 2512 918 2562 iti·

115 2585 227 2636 neribus
242 2583 350 2636 nullum
367 2587 505 2652 acciperet
519 2586 733 2637 incommodum.
770 2583 919 2648 Pompeius

115 2655 200 2716 enim,
230 2656 310 2722 primi
326 2654 382 2707 diei
398 2655 569 2708 moreillata
584 2663 613 2709 ot
623 2656 792 2726 reliquorum
808 2653 916 2704 dierum

114 2723 485 2798 frustralaboresusoepto,
513 2723 917 2800 quantarnagnsrmmtus
