2150 3124
166 105 213 206 'n
368 149 423 202 na
442 147 582 202 annno
602 148 786 202 enumco

176 254 286 323 petendi
306 267 404 305 caussa
425 259 632 320 processerant,
651 255 819 306 arcessendi:
845 254 919 308 acies
938 254 976 304 in·

174 321 322 385 struenda,
338 322 439 372 milltes
449 319 611 374 cohortandi
618 359 627 385 ,
637 323 745 392 signum
757 323 893 375 dandum:
914 337 979 394 qua-

176 408 236 448 rum
249 408 340 444 rerum
352 406 477 458 magnam
489 399 596 457 partem
607 393 739 458 temporis
749 393 870 445 brevitas
880 399 909 445 et
918 405 978 444 suc·

175 477 269 514 cessus
279 467 307 513 ot
316 463 443 512 incursus
453 459 573 511 hostium
585 462 759 526 impediebat.
801 458 979 514 l'lisdllllcul-

175 533 278 583 tatibus
297 530 368 582 duae
387 545 432 582 res
446 536 526 582 erant
536 531 673 595 subsidio,
692 533 978 600 scientiaatqueusus
1058 567 1059 572 ¹

174 600 309 662 rnilitum,
321 599 407 668 quod,
418 601 606 666 superioribus
616 600 732 668 proeliis
742 603 901 664 exercitati,
913 600 978 670 quid

174 668 235 722 lieri
256 674 412 735 oporteret,
431 684 487 720 non
503 671 592 720 minus
608 670 751 722 commode
767 671 818 738 ipsi
833 671 884 721 sibi
902 684 978 736 prae·

174 739 308 801 seribere,
330 753 412 806 quam
428 739 462 790 ab
477 738 539 789 aliis
554 739 646 791 doceri
659 747 801 808 poterant3
822 738 933 806 etquod
944 739 978 790 ab
1060 765 1061 768 ¹

175 823 258 876 opere
273 808 443 876 singulisque
459 807 614 874 legionibus
624 809 749 877 singulos
759 809 866 878 legatos
879 811 980 862 Caesar

175 877 328 938 discedere,
346 878 399 927 nisi
417 878 530 927 munitis
550 879 660 941 castris,
679 884 813 930 vetuerat.
849 879 899 941 lli,
919 893 980 944 pro·

175 951 237 1014 pter
255 947 488 1012 propinquitatem
509 951 538 997 ct
556 947 727 999 celeritatem
747 946 881 1008 hostium,
910 945 981 998 nibil

174 1015 229 1065 ianr
243 1016 366 1065 Caesaris
376 1015 520 1080 imperium
532 1017 707 1082 spectabant,
726 1017 775 1069 sed
784 1032 833 1084 per
843 1033 888 1080 se,
908 1031 980 1086 quae

175 1082 353 1144 ridebantur,
364 1083 603 1136 administrabant.

226 1150 300 1202 xxi.
336 1151 453 1216 Caesar,
481 1155 645 1206 necessariis
662 1155 744 1206 rebus
763 1155 920 1222 imperatis,
943 1155 981 1208 ad

175 1217 361 1272 cohortandos
372 1220 481 1284 milltes,
492 1238 572 1290 quam
584 1225 610 1274 in
624 1229 730 1292 partem
742 1223 800 1277 iors
811 1226 925 1287 obtulit,
936 1225 980 1276 dc·
1060 1247 1061 1280 1

174 1291 296 1340 cucurrit
315 1295 343 1340 et
363 1291 398 1342 ad
418 1290 555 1358 legionem
572 1293 706 1346 decimam
721 1294 839 1348 devenit.
875 1294 981 1346 Milites
1060 1291 1061 1332 ἕ

174 1374 229 1410 non
251 1359 377 1426 longiore
398 1363 526 1413 oratione
545 1361 722 1426 cohortatus,
749 1379 832 1431 quam
852 1366 894 1415 uti
913 1380 981 1418 suae

173 1430 309 1550 pristinae
324 1431 432 1481 virtutis
447 1432 609 1482 memoriam
626 1437 792 1496 retinerent,
811 1450 866 1484 neu
878 1439 981 1500 pertur-

193 1505 307 1549 arentur
322 1500 426 1561 animo,
447 1499 566 1552 hostium
587 1511 622 1553 ue
636 1505 768 1569 impetum
780 1503 981 1557 fortitersusti·

174 1573 286 1632 nerent,
306 1568 380 1636 quod
395 1583 449 1620 non
461 1519 597 1636 longitud

174 1636 261 1688 telum
282 1636 362 1688 adiici
379 1643 485 1704 posset,
504 1639 602 1704 proelii
617 1640 805 1692 committendi
817 1642 923 1707 signum
936 1640 981 1690 dc-

174 1705 224 1756 dit.
259 1706 348 1772 Atque
367 1707 396 1756 in
407 1707 522 1758 alteram
533 1713 640 1773 partem
652 1711 718 1758 item
729 1707 893 1760 cohortandi
905 1724 980 1760 caus·

175 1787 208 1826 sa
218 1771 370 1837 protectus,
383 1776 567 1842 pugnantibus
578 1779 706 1828 occurrit.
743 1777 889 1845 Temporis
900 1782 979 1829 tanta

175 1841 229 1893 fuit
243 1842 393 1908 exiguitas,
414 1843 587 1912 hostiumque
601 1850 657 1896 tarn
674 1851 786 1912 paratus
804 1846 840 1897 ad
851 1846 980 1898 dimican-

175 1911 240 1960 dum
252 1911 372 1972 animus,
391 1917 488 1963 utnon
500 1913 582 1964 modo
595 1914 630 1964 ad
640 1916 759 1982 insignia
769 1916 979 1968 adcommodan-

174 1977 219 2040 da,
230 1977 279 2029 sed
290 1981 372 2028 etiam
384 1981 419 2031 nd
429 1981 523 2048 galeas
533 1982 686 2035 induendas
697 1986 838 2053 scutisque
848 1987 980 2054 tegimen·

174 2051 205 2097 tu
224 2045 395 2100 detrahenda
413 2055 522 2117 tempus
543 2051 670 2104 defuerit.
707 2054 795 2116 Quam
816 2057 930 2123 quisque
951 2055 978 2106 in

173 2122 281 2183 partem
296 2117 330 2168 ab
347 2133 429 2184 opere
444 2135 510 2171 casu
525 2122 648 2184 devenit,
667 2138 792 2193 quaeque
802 2126 891 2192 prima
901 2128 979 2196 sigua

174 2188 325 2252 conspexit,
345 2189 379 2238 ad
395 2187 463 2241 llaec
477 2191 613 2255 constitit,
632 2208 681 2256 ne,
700 2194 728 2244 in
739 2194 903 2263 quaerendis
913 2194 978 2257 suis,

174 2255 316 2324 pugnandi
327 2262 435 2324 tempus
446 2257 607 2312 dimitteret.

226 2325 314 2377 xxll.
350 2326 490 2379 Instructo
512 2333 650 2395 exercitu,
670 2335 758 2402 magis
773 2339 805 2383 ut
814 2331 866 2384 loci
878 2341 978 2384 natura

174 2391 353 2461 deiectusque
372 2396 453 2448 collis
473 2403 501 2450 et
519 2403 669 2452 necessitas
685 2403 831 2470 temporis,
852 2417 933 2470 quam
949 2407 979 2453 ut

173 2464 215 2515 rei
226 2463 354 2515 militaris
364 2467 436 2517 ratio
447 2472 529 2536 atque
540 2470 609 2521 ordo
620 2471 787 2537 postulabat,
798 2487 880 2540 quum
892 2471 978 2523 direr-

172 2533 212 2582 sis
227 2532 294 2584 locis
308 2533 446 2602 legiones,
466 2539 538 2590 aliae
555 2539 609 2590 alla
625 2539 651 2589 in
663 2546 755 2607 parte,
775 2540 900 2593 hostibus
911 2541 977 2592 rosi·

172 2604 292 2665 sterent,
311 2607 475 2676 sepibusque
491 2606 671 2672 densissimis,
691 2616 722 2661 nt
731 2615 796 2662 ante
807 2610 977 2662 demonstra·

172 2669 274 2734 rimus,
284 2673 435 2728 interiectis
444 2683 606 2744 prospectus
617 2677 810 2748 impediretur:
821 2694 910 2750 neque
921 2693 975 2732 cer·

600 1578 674 1623 ostes
685 1573 814 1634 aberant,
834 1587 915 1640 quam
926 1586 981 1638 quo
