<?xml version="1.0" encoding="UTF-8"?>
<!DOCTYPE html PUBLIC "-//W3C//DTD XHTML 1.0 Transitional//EN"
    "http://www.w3.org/TR/xhtml1/DTD/xhtml1-transitional.dtd">
<html xmlns="http://www.w3.org/1999/xhtml" xml:lang="en" lang="en">
 <head>
  <title>
</title>
<meta http-equiv="Content-Type" content="text/html;charset=utf-8" />
  <meta name='ocr-system' content='tesseract 3.04.00' />
  <meta name='ocr-capabilities' content='ocr_page ocr_carea ocr_par ocr_line ocrx_word'/>
</head>
<body>
  <div class='ocr_page' id='page_1' title='image "./cjuliicaesarisc05caesgoog_0200.png"; bbox 0 0 2168 3134; ppageno 0'>
   <div class='ocr_carea' id='block_1_1' title="bbox 167 125 1067 300">
    <p class='ocr_par' dir='ltr' id='par_1_1' title="bbox 167 125 1067 300">
     <span class='ocr_line' id='line_1_1' title="bbox 172 125 784 186; baseline -0.01 -2"><span class='ocrx_word' id='word_1_1' title='bbox 172 132 222 186; x_wconf 67' lang='lat' dir='ltr'><strong>lm</strong></span> <span class='ocrx_word' id='word_1_2' title='bbox 357 127 412 180; x_wconf 84' lang='lat' dir='ltr'><strong>DE</strong></span> <span class='ocrx_word' id='word_1_3' title='bbox 436 125 579 179; x_wconf 80' lang='lat' dir='ltr'>BELLO</span> <span class='ocrx_word' id='word_1_4' title='bbox 602 125 784 178; x_wconf 72' lang='lat' dir='ltr'>GALLICO</span> 
     </span>
     <span class='ocr_line' id='line_1_2' title="bbox 167 215 1067 300; baseline 0 -18"><span class='ocrx_word' id='word_1_5' title='bbox 167 229 342 299; x_wconf 77' lang='lat' dir='ltr'><em>Depopulata</em></span> <span class='ocrx_word' id='word_1_6' title='bbox 357 231 457 293; x_wconf 82' lang='lat' dir='ltr'><strong>Gallia,</strong></span> <span class='ocrx_word' id='word_1_7' title='bbox 474 228 588 293; x_wconf 70' lang='lat' dir='ltr'><strong>Cirr-tri,</strong></span> <span class='ocrx_word' id='word_1_8' title='bbox 603 246 754 300; x_wconf 81' lang='lat' dir='ltr'><strong>rrtugnoquc</strong></span> <span class='ocrx_word' id='word_1_9' title='bbox 769 229 850 282; x_wconf 81' lang='lat' dir='ltr'><strong>illata</strong></span> <span class='ocrx_word' id='word_1_10' title='bbox 861 229 971 283; x_wconf 76' lang='lat' dir='ltr'><strong>culumi-</strong></span> <span class='ocrx_word' id='word_1_11' title='bbox 1066 215 1067 226; x_wconf 12' lang='grc' dir='ltr'>γ</span> 
     </span>
    </p>
   </div>
   <div class='ocr_carea' id='block_1_2' title="bbox 169 297 971 439">
    <p class='ocr_par' dir='ltr' id='par_1_2' title="bbox 169 297 971 439">
     <span class='ocr_line' id='line_1_3' title="bbox 169 297 971 368; baseline 0 -16"><span class='ocrx_word' id='word_1_12' title='bbox 169 309 240 363; x_wconf 84' lang='lat' dir='ltr'><strong>tute,</strong></span> <span class='ocrx_word' id='word_1_13' title='bbox 255 299 359 368; x_wconf 34' lang='lat' dir='ltr'><strong>,linibus</strong></span> <span class='ocrx_word' id='word_1_14' title='bbox 370 300 472 368; x_wconf 84' lang='lat' dir='ltr'><strong>quidem</strong></span> <span class='ocrx_word' id='word_1_15' title='bbox 483 297 583 351; x_wconf 79' lang='lat' dir='ltr'><strong>nostris</strong></span> <span class='ocrx_word' id='word_1_16' title='bbox 595 299 739 367; x_wconf 81' lang='lat' dir='ltr'><strong>aliquando</strong></span> <span class='ocrx_word' id='word_1_17' title='bbox 751 307 918 351; x_wconf 76' lang='lat' dir='ltr'><strong>excesserunt</strong></span> <span class='ocrx_word' id='word_1_18' title='bbox 929 308 971 352; x_wconf 85' lang='lat' dir='ltr'><strong>at·</strong></span> 
     </span>
     <span class='ocr_line' id='line_1_4' title="bbox 169 368 970 439; baseline -0.001 -18"><span class='ocrx_word' id='word_1_19' title='bbox 169 385 219 439; x_wconf 77' lang='lat' dir='ltr'><strong>que</strong></span> <span class='ocrx_word' id='word_1_20' title='bbox 231 368 300 421; x_wconf 79' lang='lat' dir='ltr'><strong>olias</strong></span> <span class='ocrx_word' id='word_1_21' title='bbox 312 380 401 421; x_wconf 79' lang='lat' dir='ltr'><strong>terroe</strong></span> <span class='ocrx_word' id='word_1_22' title='bbox 408 369 566 436; x_wconf 81' lang='lat' dir='ltr'><strong>petierunt;</strong></span> <span class='ocrx_word' id='word_1_23' title='bbox 583 369 657 427; x_wconf 85' lang='lat' dir='ltr'><strong>iuro,</strong></span> <span class='ocrx_word' id='word_1_24' title='bbox 669 371 748 438; x_wconf 82' lang='lat' dir='ltr'><strong>leges,</strong></span> <span class='ocrx_word' id='word_1_25' title='bbox 760 385 850 436; x_wconf 82' lang='lat' dir='ltr'><strong>egros,</strong></span> <span class='ocrx_word' id='word_1_26' title='bbox 862 368 970 420; x_wconf 81' lang='lat' dir='ltr'><strong>liberto·</strong></span> 
     </span>
    </p>
   </div>
   <div class='ocr_carea' id='block_1_3' title="bbox 170 425 1067 588">
    <p class='ocr_par' dir='ltr' id='par_1_3' title="bbox 170 425 1067 588">
     <span class='ocr_line' id='line_1_5' title="bbox 170 425 1067 506; baseline -0.002 -16"><span class='ocrx_word' id='word_1_27' title='bbox 170 449 224 491; x_wconf 84' lang='lat' dir='ltr'><strong>tero</strong></span> <span class='ocrx_word' id='word_1_28' title='bbox 236 439 309 490; x_wconf 81' lang='lat' dir='ltr'><strong>uobis</strong></span> <span class='ocrx_word' id='word_1_29' title='bbox 320 439 500 505; x_wconf 76' lang='lat' dir='ltr'><strong>reliquerunt:</strong></span> <span class='ocrx_word' id='word_1_30' title='bbox 511 437 630 490; x_wconf 78' lang='lat' dir='ltr'><strong>Borcani</strong></span> <span class='ocrx_word' id='word_1_31' title='bbox 637 456 701 490; x_wconf 81' lang='lat' dir='ltr'><strong>aero</strong></span> <span class='ocrx_word' id='word_1_32' title='bbox 711 439 878 506; x_wconf 83' lang='lat' dir='ltr'><strong>quidpotunt</strong></span> <span class='ocrx_word' id='word_1_33' title='bbox 887 438 972 502; x_wconf 81' lang='lat' dir='ltr'><strong>aliud,</strong></span> <span class='ocrx_word' id='word_1_34' title='bbox 1066 425 1067 488; x_wconf 49' lang='grc' dir='ltr'>ζ</span> 
     </span>
     <span class='ocr_line' id='line_1_6' title="bbox 170 506 1067 588; baseline -0.007 -28"><span class='ocrx_word' id='word_1_35' title='bbox 170 518 221 560; x_wconf 80' lang='lat' dir='ltr'><strong>urit</strong></span> <span class='ocrx_word' id='word_1_36' title='bbox 232 507 298 575; x_wconf 80' lang='lat' dir='ltr'><strong>quid</strong></span> <span class='ocrx_word' id='word_1_37' title='bbox 307 511 408 570; x_wconf 84' lang='lat' dir='ltr'><strong>volunt,</strong></span> <span class='ocrx_word' id='word_1_38' title='bbox 420 508 472 560; x_wconf 83' lang='lat' dir='ltr'><strong>nisi</strong></span> <span class='ocrx_word' id='word_1_39' title='bbox 482 506 586 561; x_wconf 82' lang='lat' dir='ltr'><strong>invidio</strong></span> <span class='ocrx_word' id='word_1_40' title='bbox 598 509 716 572; x_wconf 84' lang='lat' dir='ltr'><strong>addocti,</strong></span> <span class='ocrx_word' id='word_1_41' title='bbox 733 524 796 588; x_wconf 70' lang='lat' dir='ltr'><strong>quos</strong></span> <span class='ocrx_word' id='word_1_42' title='bbox 806 508 887 580; x_wconf 80' lang='lat' dir='ltr'><strong>sarno</strong></span> <span class='ocrx_word' id='word_1_43' title='bbox 899 506 972 559; x_wconf 87' lang='lat' dir='ltr'><strong>noli·</strong></span> <span class='ocrx_word' id='word_1_44' title='bbox 1066 513 1067 554; x_wconf 76' lang='grc' dir='ltr'>ζ</span> 
     </span>
    </p>
   </div>
   <div class='ocr_carea' id='block_1_4' title="bbox 169 575 979 1342">
    <p class='ocr_par' dir='ltr' id='par_1_4' title="bbox 169 575 979 1342">
     <span class='ocr_line' id='line_1_7' title="bbox 170 575 973 648; baseline -0.001 -19"><span class='ocrx_word' id='word_1_45' title='bbox 170 579 207 629; x_wconf 81' lang='lat' dir='ltr'><strong>les</strong></span> <span class='ocrx_word' id='word_1_46' title='bbox 216 585 388 646; x_wconf 81' lang='lat' dir='ltr'><strong>potentesque</strong></span> <span class='ocrx_word' id='word_1_47' title='bbox 399 577 465 630; x_wconf 82' lang='lat' dir='ltr'><strong>bello</strong></span> <span class='ocrx_word' id='word_1_48' title='bbox 477 588 668 648; x_wconf 73' lang='lat' dir='ltr'><strong>cognorerunt,</strong></span> <span class='ocrx_word' id='word_1_49' title='bbox 678 577 772 629; x_wconf 79' lang='lat' dir='ltr'><strong>dorum</strong></span> <span class='ocrx_word' id='word_1_50' title='bbox 781 595 810 629; x_wconf 81' lang='lat' dir='ltr'><strong>sn</strong></span> <span class='ocrx_word' id='word_1_51' title='bbox 821 575 897 644; x_wconf 75' lang='lat' dir='ltr'><strong>agris</strong></span> <span class='ocrx_word' id='word_1_52' title='bbox 909 576 973 628; x_wconf 78' lang='lat' dir='ltr'><strong>ciui·</strong></span> 
     </span>
     <span class='ocr_line' id='line_1_8' title="bbox 171 645 973 715; baseline -0.004 -16"><span class='ocrx_word' id='word_1_53' title='bbox 171 646 325 715; x_wconf 80' lang='lat' dir='ltr'><strong>ictibusque</strong></span> <span class='ocrx_word' id='word_1_54' title='bbox 345 647 489 711; x_wconf 82' lang='lat' dir='ltr'><strong>considere,</strong></span> <span class='ocrx_word' id='word_1_55' title='bbox 509 657 591 715; x_wconf 81' lang='lat' dir='ltr'><strong>otqrte</strong></span> <span class='ocrx_word' id='word_1_56' title='bbox 612 647 653 699; x_wconf 77' lang='lat' dir='ltr'><strong>leit</strong></span> <span class='ocrx_word' id='word_1_57' title='bbox 673 658 812 700; x_wconf 81' lang='lat' dir='ltr'><strong>oeternum</strong></span> <span class='ocrx_word' id='word_1_58' title='bbox 831 645 973 714; x_wconf 81' lang='lat' dir='ltr'><strong>iniungere</strong></span> 
     </span>
     <span class='ocr_line' id='line_1_9' title="bbox 171 715 973 783; baseline -0.002 -15"><span class='ocrx_word' id='word_1_59' title='bbox 171 716 342 768; x_wconf 78' lang='lat' dir='ltr'><strong>seruitutem?</strong></span> <span class='ocrx_word' id='word_1_60' title='bbox 360 715 448 783; x_wconf 80' lang='lat' dir='ltr'><strong><em>Neque</em></strong></span> <span class='ocrx_word' id='word_1_61' title='bbox 460 715 529 769; x_wconf 84' lang='lat' dir='ltr'><strong>enirn</strong></span> <span class='ocrx_word' id='word_1_62' title='bbox 541 733 666 782; x_wconf 81' lang='lat' dir='ltr'><strong>rtrrrquam</strong></span> <span class='ocrx_word' id='word_1_63' title='bbox 677 719 734 770; x_wconf 83' lang='lat' dir='ltr'><strong>olio</strong></span> <span class='ocrx_word' id='word_1_64' title='bbox 745 715 894 770; x_wconf 83' lang='lat' dir='ltr'><strong>conditione</strong></span> <span class='ocrx_word' id='word_1_65' title='bbox 905 715 973 766; x_wconf 83' lang='lat' dir='ltr'><strong>lello</strong></span> 
     </span>
     <span class='ocr_line' id='line_1_10' title="bbox 169 785 974 858; baseline -0.002 -20"><span class='ocrx_word' id='word_1_66' title='bbox 169 793 321 858; x_wconf 79' lang='lat' dir='ltr'><strong>gesserunt.</strong></span> <span class='ocrx_word' id='word_1_67' title='bbox 358 786 437 850; x_wconf 82' lang='lat' dir='ltr'><strong>Quod</strong></span> <span class='ocrx_word' id='word_1_68' title='bbox 446 785 470 837; x_wconf 81' lang='lat' dir='ltr'><strong>ti</strong></span> <span class='ocrx_word' id='word_1_69' title='bbox 480 804 522 850; x_wconf 85' lang='lat' dir='ltr'><strong>eo,</strong></span> <span class='ocrx_word' id='word_1_70' title='bbox 537 802 605 854; x_wconf 85' lang='lat' dir='ltr'><strong>quae</strong></span> <span class='ocrx_word' id='word_1_71' title='bbox 616 787 645 838; x_wconf 84' lang='lat' dir='ltr'><strong>in</strong></span> <span class='ocrx_word' id='word_1_72' title='bbox 656 787 808 856; x_wconf 72' lang='lat' dir='ltr'><em>longinquis</em></span> <span class='ocrx_word' id='word_1_73' title='bbox 820 785 974 837; x_wconf 81' lang='lat' dir='ltr'><strong>nationibus</strong></span> 
     </span>
     <span class='ocr_line' id='line_1_11' title="bbox 169 854 976 926; baseline -0.005 -19"><span class='ocrx_word' id='word_1_74' title='bbox 169 861 321 924; x_wconf 81' lang='lat' dir='ltr'><strong>geruntur,</strong></span> <span class='ocrx_word' id='word_1_75' title='bbox 342 855 493 922; x_wconf 51' lang='lat' dir='ltr'><strong>ignorati&amp;</strong></span> <span class='ocrx_word' id='word_1_76' title='bbox 524 857 651 922; x_wconf 83' lang='lat' dir='ltr'><strong>respicite</strong></span> <span class='ocrx_word' id='word_1_77' title='bbox 669 855 821 926; x_wconf 83' lang='lat' dir='ltr'><strong>finitimam</strong></span> <span class='ocrx_word' id='word_1_78' title='bbox 846 854 976 926; x_wconf 77' lang='lat' dir='ltr'><strong>Gallium,</strong></span> 
     </span>
     <span class='ocr_line' id='line_1_12' title="bbox 173 924 977 993; baseline 0.001 -18"><span class='ocrx_word' id='word_1_79' title='bbox 173 939 241 990; x_wconf 76' lang='lat' dir='ltr'><strong>quoe</strong></span> <span class='ocrx_word' id='word_1_80' title='bbox 252 925 281 977; x_wconf 85' lang='lat' dir='ltr'><strong>in</strong></span> <span class='ocrx_word' id='word_1_81' title='bbox 289 924 458 992; x_wconf 79' lang='lat' dir='ltr'><strong>prooirreiurn</strong></span> <span class='ocrx_word' id='word_1_82' title='bbox 469 925 579 977; x_wconf 84' lang='lat' dir='ltr'><strong>redacto</strong></span> <span class='ocrx_word' id='word_1_83' title='bbox 592 964 599 989; x_wconf 97' lang='lat'><strong>,</strong></span> <span class='ocrx_word' id='word_1_84' title='bbox 610 925 669 977; x_wconf 83' lang='lat' dir='ltr'><strong>iure</strong></span> <span class='ocrx_word' id='word_1_85' title='bbox 681 936 708 977; x_wconf 86' lang='lat' dir='ltr'><strong>et</strong></span> <span class='ocrx_word' id='word_1_86' title='bbox 719 925 822 993; x_wconf 80' lang='lat' dir='ltr'><strong>legibue</strong></span> <span class='ocrx_word' id='word_1_87' title='bbox 833 933 977 976; x_wconf 78' lang='lat' dir='ltr'><strong>cortonula·</strong></span> 
     </span>
     <span class='ocr_line' id='line_1_13' title="bbox 174 993 932 1063; baseline -0.005 -16"><span class='ocrx_word' id='word_1_88' title='bbox 174 995 218 1058; x_wconf 79' lang='lat' dir='ltr'><strong>tis,</strong></span> <span class='ocrx_word' id='word_1_89' title='bbox 230 995 366 1045; x_wconf 74' lang='lat' dir='ltr'><em>securibus</em></span> <span class='ocrx_word' id='word_1_90' title='bbox 377 994 503 1056; x_wconf 80' lang='lat' dir='ltr'><strong>subiecto,</strong></span> <span class='ocrx_word' id='word_1_91' title='bbox 512 1004 646 1063; x_wconf 83' lang='lat' dir='ltr'><strong>perpetua</strong></span> <span class='ocrx_word' id='word_1_92' title='bbox 653 995 787 1062; x_wconf 75' lang='lat' dir='ltr'><strong>proruitur</strong></span> <span class='ocrx_word' id='word_1_93' title='bbox 799 993 932 1046; x_wconf 80' lang='lat' dir='ltr'><strong>servitute.</strong></span> 
     </span>
     <span class='ocr_line' id='line_1_14' title="bbox 226 1053 976 1130; baseline 0.001 -16"><span class='ocrx_word' id='word_1_94' title='bbox 226 1063 375 1116; x_wconf 50' lang='lat' dir='ltr'><strong>lsxxvm.</strong></span> <span class='ocrx_word' id='word_1_95' title='bbox 405 1063 554 1115; x_wconf 82' lang='lat' dir='ltr'><strong>Sententiis</strong></span> <span class='ocrx_word' id='word_1_96' title='bbox 565 1064 654 1128; x_wconf 85' lang='lat' dir='ltr'><strong>dictis,</strong></span> <span class='ocrx_word' id='word_1_97' title='bbox 674 1066 854 1126; x_wconf 77' lang='lat' dir='ltr'><strong>constituunt,</strong></span> <span class='ocrx_word' id='word_1_98' title='bbox 874 1070 913 1125; x_wconf 92' lang='lat' dir='ltr'><strong>ut,</strong></span> <span class='ocrx_word' id='word_1_99' title='bbox 928 1053 976 1130; x_wconf 84' lang='lat' dir='ltr'><strong>qui</strong></span> 
     </span>
     <span class='ocr_line' id='line_1_15' title="bbox 174 1133 976 1202; baseline 0 -18"><span class='ocrx_word' id='word_1_100' title='bbox 174 1133 323 1184; x_wconf 81' lang='lat' dir='ltr'><strong>valitudine</strong></span> <span class='ocrx_word' id='word_1_101' title='bbox 334 1139 383 1184; x_wconf 85' lang='lat' dir='ltr'><strong>aut</strong></span> <span class='ocrx_word' id='word_1_102' title='bbox 393 1139 484 1184; x_wconf 89' lang='lat' dir='ltr'><strong>aetate</strong></span> <span class='ocrx_word' id='word_1_103' title='bbox 496 1133 609 1185; x_wconf 83' lang='lat' dir='ltr'><strong>inutiles</strong></span> <span class='ocrx_word' id='word_1_104' title='bbox 619 1136 675 1185; x_wconf 86' lang='lat' dir='ltr'><strong>sint</strong></span> <span class='ocrx_word' id='word_1_105' title='bbox 686 1134 770 1198; x_wconf 91' lang='lat' dir='ltr'><strong>bello,</strong></span> <span class='ocrx_word' id='word_1_106' title='bbox 786 1133 887 1202; x_wconf 88' lang='lat' dir='ltr'><strong>oppido</strong></span> <span class='ocrx_word' id='word_1_107' title='bbox 898 1148 976 1194; x_wconf 71' lang='lat' dir='ltr'><strong>exoe7</strong></span> 
     </span>
     <span class='ocr_line' id='line_1_16' title="bbox 175 1202 978 1270; baseline 0 -16"><span class='ocrx_word' id='word_1_108' title='bbox 175 1203 243 1255; x_wconf 86' lang='lat' dir='ltr'><strong>dant</strong></span> <span class='ocrx_word' id='word_1_109' title='bbox 253 1209 337 1270; x_wconf 86' lang='lat' dir='ltr'><strong>atque</strong></span> <span class='ocrx_word' id='word_1_110' title='bbox 349 1205 441 1255; x_wconf 82' lang='lat' dir='ltr'><strong>ornnia</strong></span> <span class='ocrx_word' id='word_1_111' title='bbox 451 1205 527 1269; x_wconf 86' lang='lat' dir='ltr'><strong>prius</strong></span> <span class='ocrx_word' id='word_1_112' title='bbox 538 1207 729 1270; x_wconf 74' lang='lat' dir='ltr'><strong>experiantur,</strong></span> <span class='ocrx_word' id='word_1_113' title='bbox 749 1219 829 1270; x_wconf 85' lang='lat' dir='ltr'><strong>quarn</strong></span> <span class='ocrx_word' id='word_1_114' title='bbox 842 1202 877 1254; x_wconf 89' lang='lat' dir='ltr'><strong>ad</strong></span> <span class='ocrx_word' id='word_1_115' title='bbox 888 1204 978 1254; x_wconf 84' lang='lat' dir='ltr'><strong>Crito·</strong></span> 
     </span>
     <span class='ocr_line' id='line_1_17' title="bbox 175 1273 979 1342; baseline -0.002 -18"><span class='ocrx_word' id='word_1_116' title='bbox 175 1276 253 1342; x_wconf 83' lang='lat' dir='ltr'><strong>gnati</strong></span> <span class='ocrx_word' id='word_1_117' title='bbox 266 1275 431 1324; x_wconf 87' lang='lat' dir='ltr'><strong>sententiam</strong></span> <span class='ocrx_word' id='word_1_118' title='bbox 443 1273 621 1325; x_wconf 87' lang='lat' dir='ltr'><strong>descendant:</strong></span> <span class='ocrx_word' id='word_1_119' title='bbox 638 1273 687 1326; x_wconf 91' lang='lat' dir='ltr'><strong>illo</strong></span> <span class='ocrx_word' id='word_1_120' title='bbox 698 1280 789 1325; x_wconf 83' lang='lat' dir='ltr'><strong>tamen</strong></span> <span class='ocrx_word' id='word_1_121' title='bbox 802 1275 979 1341; x_wconf 87' lang='lat' dir='ltr'><strong>potiusuton·</strong></span> 
     </span>
    </p>
   </div>
   <div class='ocr_carea' id='block_1_5' title="bbox 83 1342 978 1414">
    <p class='ocr_par' dir='ltr' id='par_1_5' title="bbox 83 1342 978 1414">
     <span class='ocr_line' id='line_1_18' title="bbox 83 1342 978 1414; baseline -0.004 -20"><span class='ocrx_word' id='word_1_122' title='bbox 83 1407 86 1414; x_wconf 23' lang='lat' dir='ltr'><em>r</em></span> <span class='ocrx_word' id='word_1_123' title='bbox 175 1343 240 1394; x_wconf 88' lang='lat' dir='ltr'><strong>dum</strong></span> <span class='ocrx_word' id='word_1_124' title='bbox 261 1342 390 1406; x_wconf 86' lang='lat' dir='ltr'><strong>consilio,</strong></span> <span class='ocrx_word' id='word_1_125' title='bbox 409 1346 431 1394; x_wconf 87' lang='lat' dir='ltr'><strong>si</strong></span> <span class='ocrx_word' id='word_1_126' title='bbox 452 1359 496 1394; x_wconf 87' lang='lat' dir='ltr'><strong>res</strong></span> <span class='ocrx_word' id='word_1_127' title='bbox 515 1350 597 1411; x_wconf 82' lang='lat' dir='ltr'><strong>cogat</strong></span> <span class='ocrx_word' id='word_1_128' title='bbox 612 1350 695 1412; x_wconf 90' lang='lat' dir='ltr'><strong>atque</strong></span> <span class='ocrx_word' id='word_1_129' title='bbox 710 1343 814 1395; x_wconf 88' lang='lat' dir='ltr'><strong>auxilia</strong></span> <span class='ocrx_word' id='word_1_130' title='bbox 824 1347 978 1405; x_wconf 83' lang='lat' dir='ltr'><strong>urerentur,</strong></span> 
     </span>
    </p>
   </div>
   <div class='ocr_carea' id='block_1_6' title="bbox 121 1411 980 2523">
    <p class='ocr_par' dir='ltr' id='par_1_6' title="bbox 174 1411 980 1893">
     <span class='ocr_line' id='line_1_19' title="bbox 177 1411 978 1482; baseline -0.001 -19"><span class='ocrx_word' id='word_1_131' title='bbox 177 1429 260 1481; x_wconf 91' lang='lat' dir='ltr'><strong>quam</strong></span> <span class='ocrx_word' id='word_1_132' title='bbox 280 1420 328 1464; x_wconf 89' lang='lat' dir='ltr'><strong>aut</strong></span> <span class='ocrx_word' id='word_1_133' title='bbox 347 1413 497 1464; x_wconf 84' lang='lat' dir='ltr'>deditionis</span> <span class='ocrx_word' id='word_1_134' title='bbox 517 1423 566 1464; x_wconf 88' lang='lat' dir='ltr'><strong>aut</strong></span> <span class='ocrx_word' id='word_1_135' title='bbox 576 1417 651 1482; x_wconf 81' lang='lat' dir='ltr'>pacis</span> <span class='ocrx_word' id='word_1_136' title='bbox 662 1413 832 1465; x_wconf 88' lang='lat' dir='ltr'><strong>subeundam</strong></span> <span class='ocrx_word' id='word_1_137' title='bbox 843 1411 978 1464; x_wconf 85' lang='lat' dir='ltr'><strong>conditio·</strong></span> 
     </span>
     <span class='ocr_line' id='line_1_20' title="bbox 176 1481 979 1553; baseline -0.002 -21"><span class='ocrx_word' id='word_1_138' title='bbox 176 1497 249 1533; x_wconf 79' lang='lat' dir='ltr'><strong>tiens.</strong></span> <span class='ocrx_word' id='word_1_139' title='bbox 284 1483 439 1547; x_wconf 84' lang='lat' dir='ltr'>Mandubii,</span> <span class='ocrx_word' id='word_1_140' title='bbox 458 1485 504 1552; x_wconf 87' lang='lat' dir='ltr'><strong>qui</strong></span> <span class='ocrx_word' id='word_1_141' title='bbox 517 1499 564 1536; x_wconf 86' lang='lat' dir='ltr'><strong>eos</strong></span> <span class='ocrx_word' id='word_1_142' title='bbox 575 1484 677 1553; x_wconf 92' lang='lat' dir='ltr'><strong>oppido</strong></span> <span class='ocrx_word' id='word_1_143' title='bbox 688 1489 862 1550; x_wconf 81' lang='lat' dir='ltr'><strong>receperant,</strong></span> <span class='ocrx_word' id='word_1_144' title='bbox 878 1497 938 1534; x_wconf 79' lang='lat' dir='ltr'><strong>esim</strong></span> <span class='ocrx_word' id='word_1_145' title='bbox 948 1481 979 1531; x_wconf 90' lang='lat' dir='ltr'><strong>li-</strong></span> 
     </span>
     <span class='ocr_line' id='line_1_21' title="bbox 175 1549 978 1622; baseline 0.004 -19"><span class='ocrx_word' id='word_1_146' title='bbox 175 1552 252 1603; x_wconf 85' lang='lat' dir='ltr'><strong>beris</strong></span> <span class='ocrx_word' id='word_1_147' title='bbox 267 1557 351 1619; x_wconf 86' lang='lat' dir='ltr'><strong>atque</strong></span> <span class='ocrx_word' id='word_1_148' title='bbox 363 1555 495 1605; x_wconf 89' lang='lat' dir='ltr'><strong>uxoribus</strong></span> <span class='ocrx_word' id='word_1_149' title='bbox 506 1556 583 1606; x_wconf 86' lang='lat' dir='ltr'><strong>exire</strong></span> <span class='ocrx_word' id='word_1_150' title='bbox 594 1562 740 1622; x_wconf 81' lang='lat' dir='ltr'><strong>coguntur.</strong></span> <span class='ocrx_word' id='word_1_151' title='bbox 776 1555 827 1614; x_wconf 89' lang='lat' dir='ltr'><strong>Hi,</strong></span> <span class='ocrx_word' id='word_1_152' title='bbox 848 1567 932 1620; x_wconf 89' lang='lat' dir='ltr'><strong>quum</strong></span> <span class='ocrx_word' id='word_1_153' title='bbox 944 1549 978 1606; x_wconf 84' lang='lat' dir='ltr'><strong>ad</strong></span> 
     </span>
     <span class='ocr_line' id='line_1_22' title="bbox 176 1617 979 1686; baseline -0.002 -16"><span class='ocrx_word' id='word_1_154' title='bbox 176 1622 345 1672; x_wconf 84' lang='lat' dir='ltr'><strong>munitiones</strong></span> <span class='ocrx_word' id='word_1_155' title='bbox 364 1617 549 1675; x_wconf 85' lang='lat' dir='ltr'><strong>Romanorum</strong></span> <span class='ocrx_word' id='word_1_156' title='bbox 569 1626 758 1686; x_wconf 76' lang='lat' dir='ltr'><strong>accessissent,</strong></span> <span class='ocrx_word' id='word_1_157' title='bbox 778 1621 878 1673; x_wconf 81' lang='lat' dir='ltr'><strong>flentes</strong></span> <span class='ocrx_word' id='word_1_158' title='bbox 893 1621 979 1673; x_wconf 90' lang='lat' dir='ltr'><strong>omni·</strong></span> 
     </span>
     <span class='ocr_line' id='line_1_23' title="bbox 175 1687 980 1756; baseline 0.001 -18"><span class='ocrx_word' id='word_1_159' title='bbox 175 1687 227 1740; x_wconf 89' lang='lat' dir='ltr'><strong>bus</strong></span> <span class='ocrx_word' id='word_1_160' title='bbox 242 1691 368 1756; x_wconf 87' lang='lat' dir='ltr'><strong>precihus</strong></span> <span class='ocrx_word' id='word_1_161' title='bbox 379 1693 508 1754; x_wconf 87' lang='lat' dir='ltr'><strong>orabant,</strong></span> <span class='ocrx_word' id='word_1_162' title='bbox 529 1698 561 1742; x_wconf 90' lang='lat' dir='ltr'><strong>ut</strong></span> <span class='ocrx_word' id='word_1_163' title='bbox 570 1707 614 1754; x_wconf 89' lang='lat' dir='ltr'><strong>se,</strong></span> <span class='ocrx_word' id='word_1_164' title='bbox 633 1693 661 1741; x_wconf 88' lang='lat' dir='ltr'><strong>in</strong></span> <span class='ocrx_word' id='word_1_165' title='bbox 671 1693 830 1742; x_wconf 83' lang='lat' dir='ltr'><strong>servitutem</strong></span> <span class='ocrx_word' id='word_1_166' title='bbox 844 1697 980 1756; x_wconf 87' lang='lat' dir='ltr'><strong>receptos,</strong></span> 
     </span>
     <span class='ocr_line' id='line_1_24' title="bbox 176 1759 980 1831; baseline 0.002 -24"><span class='ocrx_word' id='word_1_167' title='bbox 176 1759 238 1808; x_wconf 88' lang='lat' dir='ltr'><strong>cibo</strong></span> <span class='ocrx_word' id='word_1_168' title='bbox 253 1761 388 1809; x_wconf 82' lang='lat' dir='ltr'><strong>iurarent.</strong></span> <span class='ocrx_word' id='word_1_169' title='bbox 425 1762 459 1810; x_wconf 79' lang='lat' dir='ltr'><strong>nt</strong></span> <span class='ocrx_word' id='word_1_170' title='bbox 474 1763 585 1824; x_wconf 82' lang='lat' dir='ltr'><strong>Caesar,</strong></span> <span class='ocrx_word' id='word_1_171' title='bbox 606 1761 746 1826; x_wconf 81' lang='lat' dir='ltr'><strong>dispositis</strong></span> <span class='ocrx_word' id='word_1_172' title='bbox 761 1761 790 1809; x_wconf 90' lang='lat' dir='ltr'><strong>in</strong></span> <span class='ocrx_word' id='word_1_173' title='bbox 799 1759 873 1810; x_wconf 77' lang='lat' dir='ltr'><strong>sallo</strong></span> <span class='ocrx_word' id='word_1_174' title='bbox 889 1766 980 1831; x_wconf 67' lang='lat' dir='ltr'><strong>eosto-</strong></span> 
     </span>
     <span class='ocr_line' id='line_1_25' title="bbox 174 1826 973 1893; baseline 0.01 -17"><span class='ocrx_word' id='word_1_175' title='bbox 174 1827 242 1882; x_wconf 83' lang='lat' dir='ltr'><strong>diis.</strong></span> <span class='ocrx_word' id='word_1_176' title='bbox 261 1827 345 1892; x_wconf 84' lang='lat' dir='ltr'><strong>recipi</strong></span> <span class='ocrx_word' id='word_1_177' title='bbox 356 1826 529 1893; x_wconf 85' lang='lat' dir='ltr'><strong>prohibebat.</strong></span> <span class='ocrx_word' id='word_1_178' title='bbox 969 1826 973 1833; x_wconf 80' lang='grc'><strong>’</strong></span> 
     </span>
    </p>

    <p class='ocr_par' dir='ltr' id='par_1_7' title="bbox 121 1893 980 2523">
     <span class='ocr_line' id='line_1_26' title="bbox 229 1893 978 1965; baseline -0.001 -18"><span class='ocrx_word' id='word_1_179' title='bbox 229 1893 353 1947; x_wconf 75' lang='lat' dir='ltr'>LXXIX.</span> <span class='ocrx_word' id='word_1_180' title='bbox 380 1896 493 1948; x_wconf 84' lang='lat' dir='ltr'><strong>Interea</strong></span> <span class='ocrx_word' id='word_1_181' title='bbox 503 1899 642 1949; x_wconf 83' lang='lat' dir='ltr'><strong>Commius</strong></span> <span class='ocrx_word' id='word_1_182' title='bbox 654 1902 682 1948; x_wconf 93' lang='lat' dir='ltr'><strong>et</strong></span> <span class='ocrx_word' id='word_1_183' title='bbox 693 1897 793 1965; x_wconf 86' lang='lat' dir='ltr'><strong>reliqui</strong></span> <span class='ocrx_word' id='word_1_184' title='bbox 804 1895 899 1958; x_wconf 81' lang='lat' dir='ltr'><strong>duces,</strong></span> <span class='ocrx_word' id='word_1_185' title='bbox 920 1897 978 1964; x_wconf 62' lang='lat' dir='ltr'><strong>qui,-</strong></span> 
     </span>
     <span class='ocr_line' id='line_1_27' title="bbox 175 1963 980 2035; baseline 0.001 -20"><span class='ocrx_word' id='word_1_186' title='bbox 175 1963 227 2015; x_wconf 80' lang='lat' dir='ltr'><strong>bus</strong></span> <span class='ocrx_word' id='word_1_187' title='bbox 247 1980 354 2015; x_wconf 84' lang='lat' dir='ltr'><strong>sunrma</strong></span> <span class='ocrx_word' id='word_1_188' title='bbox 375 1967 483 2034; x_wconf 90' lang='lat' dir='ltr'><strong>imperii</strong></span> <span class='ocrx_word' id='word_1_189' title='bbox 494 1970 626 2035; x_wconf 83' lang='lat' dir='ltr'><strong>permissa</strong></span> <span class='ocrx_word' id='word_1_190' title='bbox 637 1973 705 2028; x_wconf 88' lang='lat' dir='ltr'><strong>orat,</strong></span> <span class='ocrx_word' id='word_1_191' title='bbox 725 1983 785 2018; x_wconf 91' lang='lat' dir='ltr'><strong>cum</strong></span> <span class='ocrx_word' id='word_1_192' title='bbox 798 1967 925 2017; x_wconf 90' lang='lat' dir='ltr'><strong>omnibus</strong></span> <span class='ocrx_word' id='word_1_193' title='bbox 936 1983 980 2026; x_wconf 85' lang='lat' dir='ltr'><strong>oo·</strong></span> 
     </span>
     <span class='ocr_line' id='line_1_28' title="bbox 176 2035 980 2104; baseline 0.002 -20"><span class='ocrx_word' id='word_1_194' title='bbox 176 2035 229 2100; x_wconf 91' lang='lat' dir='ltr'><strong>piis</strong></span> <span class='ocrx_word' id='word_1_195' title='bbox 250 2035 284 2086; x_wconf 86' lang='lat' dir='ltr'><strong>ad</strong></span> <span class='ocrx_word' id='word_1_196' title='bbox 298 2035 417 2087; x_wconf 79' lang='lat' dir='ltr'><strong>Alesiam</strong></span> <span class='ocrx_word' id='word_1_197' title='bbox 431 2039 597 2104; x_wconf 85' lang='lat' dir='ltr'><strong>perveniunt</strong></span> <span class='ocrx_word' id='word_1_198' title='bbox 607 2043 648 2098; x_wconf 90' lang='lat' dir='ltr'><strong>et,</strong></span> <span class='ocrx_word' id='word_1_199' title='bbox 667 2037 738 2087; x_wconf 88' lang='lat' dir='ltr'><strong>colle</strong></span> <span class='ocrx_word' id='word_1_200' title='bbox 750 2038 887 2087; x_wconf 79' lang='lat' dir='ltr'><strong>exteriore</strong></span> <span class='ocrx_word' id='word_1_201' title='bbox 900 2051 980 2088; x_wconf 89' lang='lat' dir='ltr'><strong>oceu-</strong></span> 
     </span>
     <span class='ocr_line' id='line_1_29' title="bbox 175 2100 979 2174; baseline 0.002 -20"><span class='ocrx_word' id='word_1_202' title='bbox 175 2112 250 2170; x_wconf 84' lang='lat' dir='ltr'><strong>pato,</strong></span> <span class='ocrx_word' id='word_1_203' title='bbox 269 2100 323 2155; x_wconf 76' lang='lat' dir='ltr'><strong>nois</strong></span> <span class='ocrx_word' id='word_1_204' title='bbox 345 2104 456 2173; x_wconf 82' lang='lat' dir='ltr'><strong>longius</strong></span> <span class='ocrx_word' id='word_1_205' title='bbox 477 2107 506 2156; x_wconf 88' lang='lat' dir='ltr'><strong>M</strong></span> <span class='ocrx_word' id='word_1_206' title='bbox 526 2109 652 2174; x_wconf 84' lang='lat' dir='ltr'><strong>passibus</strong></span> <span class='ocrx_word' id='word_1_207' title='bbox 663 2107 697 2156; x_wconf 88' lang='lat' dir='ltr'><strong>ab</strong></span> <span class='ocrx_word' id='word_1_208' title='bbox 708 2109 811 2158; x_wconf 85' lang='lat' dir='ltr'><strong>nostris</strong></span> <span class='ocrx_word' id='word_1_209' title='bbox 822 2107 979 2157; x_wconf 84' lang='lat' dir='ltr'><strong>munitioni-</strong></span> 
     </span>
     <span class='ocr_line' id='line_1_30' title="bbox 174 2169 977 2242; baseline 0.002 -18"><span class='ocrx_word' id='word_1_210' title='bbox 174 2175 228 2225; x_wconf 86' lang='lat' dir='ltr'><strong>bus</strong></span> <span class='ocrx_word' id='word_1_211' title='bbox 243 2175 398 2226; x_wconf 86' lang='lat' dir='ltr'><strong>considunt.</strong></span> <span class='ocrx_word' id='word_1_212' title='bbox 435 2169 552 2228; x_wconf 88' lang='lat' dir='ltr'><strong>Postero</strong></span> <span class='ocrx_word' id='word_1_213' title='bbox 563 2175 608 2228; x_wconf 88' lang='lat' dir='ltr'><strong>die</strong></span> <span class='ocrx_word' id='word_1_214' title='bbox 624 2178 748 2242; x_wconf 84' lang='lat' dir='ltr'><strong>equitatu</strong></span> <span class='ocrx_word' id='word_1_215' title='bbox 760 2191 794 2228; x_wconf 87' lang='lat' dir='ltr'><strong>ex</strong></span> <span class='ocrx_word' id='word_1_216' title='bbox 805 2177 901 2227; x_wconf 84' lang='lat' dir='ltr'><strong>eastris</strong></span> <span class='ocrx_word' id='word_1_217' title='bbox 913 2175 977 2226; x_wconf 87' lang='lat' dir='ltr'><strong>edu·</strong></span> 
     </span>
     <span class='ocr_line' id='line_1_31' title="bbox 176 2245 977 2314; baseline 0.005 -20"><span class='ocrx_word' id='word_1_218' title='bbox 176 2250 236 2306; x_wconf 91' lang='lat' dir='ltr'><strong>eto,</strong></span> <span class='ocrx_word' id='word_1_219' title='bbox 257 2260 365 2296; x_wconf 87' lang='lat' dir='ltr'><strong>omnem</strong></span> <span class='ocrx_word' id='word_1_220' title='bbox 386 2260 448 2296; x_wconf 89' lang='lat' dir='ltr'><strong>eam</strong></span> <span class='ocrx_word' id='word_1_221' title='bbox 467 2246 621 2313; x_wconf 79' lang='lat' dir='ltr'><strong>planitiem,</strong></span> <span class='ocrx_word' id='word_1_222' title='bbox 642 2261 723 2313; x_wconf 88' lang='lat' dir='ltr'><strong>qoam</strong></span> <span class='ocrx_word' id='word_1_223' title='bbox 735 2248 762 2296; x_wconf 91' lang='lat' dir='ltr'><strong>in</strong></span> <span class='ocrx_word' id='word_1_224' title='bbox 776 2245 977 2314; x_wconf 78' lang='lat' dir='ltr'><strong>longitudinem</strong></span> 
     </span>
     <span class='ocr_line' id='line_1_32' title="bbox 174 2313 978 2382; baseline 0.001 -17"><span class='ocrx_word' id='word_1_225' title='bbox 174 2313 215 2366; x_wconf 86' lang='lat'><strong>111</strong></span> <span class='ocrx_word' id='word_1_226' title='bbox 225 2313 302 2365; x_wconf 88' lang='lat' dir='ltr'><strong>milia</strong></span> <span class='ocrx_word' id='word_1_227' title='bbox 311 2329 438 2382; x_wconf 84' lang='lat' dir='ltr'><strong>passuum</strong></span> <span class='ocrx_word' id='word_1_228' title='bbox 450 2323 545 2382; x_wconf 86' lang='lat' dir='ltr'><strong>patere</strong></span> <span class='ocrx_word' id='word_1_229' title='bbox 556 2315 817 2378; x_wconf 85' lang='lat' dir='ltr'><strong>demonstravimus,</strong></span> <span class='ocrx_word' id='word_1_230' title='bbox 838 2315 978 2382; x_wconf 76' lang='lat' dir='ltr'><strong>complent</strong></span> 
     </span>
     <span class='ocr_line' id='line_1_33' title="bbox 175 2382 978 2452; baseline 0.004 -19"><span class='ocrx_word' id='word_1_231' title='bbox 175 2382 373 2452; x_wconf 87' lang='lat' dir='ltr'><strong>pedestresque</strong></span> <span class='ocrx_word' id='word_1_232' title='bbox 385 2385 476 2450; x_wconf 85' lang='lat' dir='ltr'><strong>copias</strong></span> <span class='ocrx_word' id='word_1_233' title='bbox 488 2384 611 2452; x_wconf 87' lang='lat' dir='ltr'><strong>paullum</strong></span> <span class='ocrx_word' id='word_1_234' title='bbox 622 2386 656 2437; x_wconf 90' lang='lat' dir='ltr'><strong>ab</strong></span> <span class='ocrx_word' id='word_1_235' title='bbox 668 2401 700 2438; x_wconf 86' lang='lat' dir='ltr'><strong>eo</strong></span> <span class='ocrx_word' id='word_1_236' title='bbox 712 2385 773 2438; x_wconf 90' lang='lat' dir='ltr'><strong>loco</strong></span> <span class='ocrx_word' id='word_1_237' title='bbox 784 2386 891 2436; x_wconf 87' lang='lat' dir='ltr'><strong>abditas</strong></span> <span class='ocrx_word' id='word_1_238' title='bbox 901 2387 928 2434; x_wconf 90' lang='lat' dir='ltr'><strong>in</strong></span> <span class='ocrx_word' id='word_1_239' title='bbox 940 2384 978 2436; x_wconf 93' lang='lat' dir='ltr'><strong>lo-</strong></span> 
     </span>
     <span class='ocr_line' id='line_1_34' title="bbox 121 2448 979 2523; baseline 0 -21"><span class='ocrx_word' id='word_1_240' title='bbox 121 2499 126 2514; x_wconf 66' lang='lat'><strong>,</strong></span> <span class='ocrx_word' id='word_1_241' title='bbox 175 2451 215 2502; x_wconf 87' lang='lat' dir='ltr'><strong>cis</strong></span> <span class='ocrx_word' id='word_1_242' title='bbox 229 2454 418 2518; x_wconf 86' lang='lat' dir='ltr'><strong>superioribus</strong></span> <span class='ocrx_word' id='word_1_243' title='bbox 434 2458 614 2506; x_wconf 85' lang='lat' dir='ltr'><strong>constituunt.</strong></span> <span class='ocrx_word' id='word_1_244' title='bbox 651 2457 720 2506; x_wconf 84' lang='lat' dir='ltr'><strong>Erat</strong></span> <span class='ocrx_word' id='word_1_245' title='bbox 731 2471 765 2506; x_wconf 88' lang='lat' dir='ltr'><strong>ex</strong></span> <span class='ocrx_word' id='word_1_246' title='bbox 777 2455 876 2523; x_wconf 87' lang='lat' dir='ltr'><strong>oppido</strong></span> <span class='ocrx_word' id='word_1_247' title='bbox 886 2448 979 2520; x_wconf 79' lang='lat' dir='ltr'><strong>Alesia¹</strong></span> 
     </span>
    </p>
   </div>
   <div class='ocr_carea' id='block_1_7' title="bbox 175 2517 1067 2731">
    <p class='ocr_par' dir='ltr' id='par_1_8' title="bbox 175 2517 1067 2731">
     <span class='ocr_line' id='line_1_35' title="bbox 175 2517 1067 2592; baseline 0.004 -23"><span class='ocrx_word' id='word_1_248' title='bbox 175 2517 320 2585; x_wconf 86' lang='lat' dir='ltr'><strong>despectus</strong></span> <span class='ocrx_word' id='word_1_249' title='bbox 339 2524 366 2572; x_wconf 92' lang='lat' dir='ltr'><strong>in</strong></span> <span class='ocrx_word' id='word_1_250' title='bbox 388 2537 520 2590; x_wconf 85' lang='lat' dir='ltr'><strong>eampum.</strong></span> <span class='ocrx_word' id='word_1_251' title='bbox 558 2525 745 2588; x_wconf 79' lang='lat' dir='ltr'><strong>concurritur,</strong></span> <span class='ocrx_word' id='word_1_252' title='bbox 765 2523 809 2576; x_wconf 88' lang='lat' dir='ltr'><strong>his</strong></span> <span class='ocrx_word' id='word_1_253' title='bbox 820 2524 930 2574; x_wconf 80' lang='lat' dir='ltr'><strong>auxiliis</strong></span> <span class='ocrx_word' id='word_1_254' title='bbox 940 2523 978 2572; x_wconf 78' lang='lat' dir='ltr'><strong>si·</strong></span> <span class='ocrx_word' id='word_1_255' title='bbox 1066 2559 1067 2592; x_wconf 70' lang='lat'><strong>,</strong></span> 
     </span>
     <span class='ocr_line' id='line_1_36' title="bbox 176 2589 977 2663; baseline 0.009 -27"><span class='ocrx_word' id='word_1_256' title='bbox 176 2589 226 2636; x_wconf 81' lang='lat' dir='ltr'><strong>sis:</strong></span> <span class='ocrx_word' id='word_1_257' title='bbox 244 2591 277 2640; x_wconf 86' lang='lat' dir='ltr'><strong>tit</strong></span> <span class='ocrx_word' id='word_1_258' title='bbox 296 2591 445 2657; x_wconf 84' lang='lat' dir='ltr'><strong>gratulatio</strong></span> <span class='ocrx_word' id='word_1_259' title='bbox 466 2596 541 2646; x_wconf 89' lang='lat' dir='ltr'><strong>inter</strong></span> <span class='ocrx_word' id='word_1_260' title='bbox 556 2609 604 2644; x_wconf 87' lang='lat' dir='ltr'><strong>eos</strong></span> <span class='ocrx_word' id='word_1_261' title='bbox 619 2600 702 2663; x_wconf 87' lang='lat' dir='ltr'><strong>atque</strong></span> <span class='ocrx_word' id='word_1_262' title='bbox 714 2595 836 2647; x_wconf 86' lang='lat' dir='ltr'><strong>omnium</strong></span> <span class='ocrx_word' id='word_1_263' title='bbox 846 2595 930 2645; x_wconf 87' lang='lat' dir='ltr'><strong>animi</strong></span> <span class='ocrx_word' id='word_1_264' title='bbox 943 2591 977 2652; x_wconf 82' lang='lat' dir='ltr'><strong>ad</strong></span> 
     </span>
     <span class='ocr_line' id='line_1_37' title="bbox 175 2655 1067 2731; baseline 0.011 -27"><span class='ocrx_word' id='word_1_265' title='bbox 175 2655 312 2709; x_wconf 88' lang='lat' dir='ltr'><strong>laetitiam</strong></span> <span class='ocrx_word' id='word_1_266' title='bbox 333 2661 497 2714; x_wconf 82' lang='lat' dir='ltr'><strong>excitantur.</strong></span> <span class='ocrx_word' id='word_1_267' title='bbox 532 2665 628 2730; x_wconf 89' lang='lat' dir='ltr'><strong>ltaque</strong></span> <span class='ocrx_word' id='word_1_268' title='bbox 648 2664 790 2731; x_wconf 86' lang='lat' dir='ltr'><strong>productis</strong></span> <span class='ocrx_word' id='word_1_269' title='bbox 810 2665 900 2730; x_wconf 78' lang='lat' dir='ltr'><strong>copiis,</strong></span> <span class='ocrx_word' id='word_1_270' title='bbox 912 2667 976 2716; x_wconf 85' lang='lat' dir='ltr'><strong>ante</strong></span> <span class='ocrx_word' id='word_1_271' title='bbox 1066 2677 1067 2714; x_wconf 81' lang='lat'>3</span> 
     </span>
    </p>
   </div>
   <div class='ocr_carea' id='block_1_8' title="bbox 0 0 1096 3134">
    <p class='ocr_par' dir='ltr' id='par_1_9' title="bbox 0 0 1096 3134">
     <span class='ocr_line' id='line_1_38' title="bbox 0 0 1096 3134; baseline 0 0"><span class='ocrx_word' id='word_1_272' title='bbox 0 0 1096 3134; x_wconf 95' lang='lat' dir='ltr'><strong> </strong></span> 
     </span>
    </p>
   </div>
  </div>
 </body>
</html>
