2134 3148
198 175 252 228 482
475 171 717 229 DEBELLO

197 279 280 332 Soleo
290 275 600 339 intercludebatnr,non
610 291 670 328 esse
680 277 890 328 commissurum
902 274 1003 326 caesn-

197 366 268 412 rern,
289 354 321 398 ut
332 349 359 398 in
370 352 450 398 tanta
465 346 519 397 loci
535 346 699 398 difficultate
716 345 750 396 ad
768 346 919 397 subsidium
937 343 1004 395 sub·

197 418 362 472 mittendum
372 433 403 468 se
413 419 547 468 mitteret.
584 417 643 466 lsta
653 414 743 466 fretus
755 418 893 482 opinione,
914 416 1005 466 tertia

140 515 143 520 ·
198 488 294 556 vigilia
304 487 457 554 profectus,
469 485 615 538 castellum
626 499 788 552 oppugnare
800 487 899 552 coepit,
918 491 953 535 ut
962 485 1003 536 la-

198 558 365 612 borantibus
383 562 569 608 succurreret.
604 554 717 618 Nostri,
746 571 830 624 quunr
852 555 1004 622 adpropin·

200 634 349 696 quassent,
371 625 494 678 clamore
505 626 651 693 repentino
661 626 838 694 telorumque
849 624 1006 674 multitudi-

199 715 237 752 ne
248 699 336 750 iactu
346 696 439 748 facere
455 700 621 762 coeperunt,
641 697 685 747 uti
693 711 823 763 magnoni
836 700 944 762 partem
954 692 1005 745 ho-

200 771 306 820 minum
321 768 483 818 vulneribus
499 765 661 818 adficerent.
696 767 758 829 Quo
773 770 895 832 peraeto,
916 779 1005 832 quum

201 853 236 892 ex
248 837 368 889 castello
382 852 539 905 repugnare
556 837 727 902 coepissent,
748 842 777 888 et
792 836 945 886 maioribus
960 849 1006 885 ca·

200 909 266 958 stris
277 907 389 957 Caesari
399 909 517 958 nuncius
528 913 604 958 esset
614 905 734 967 adlatus,
746 921 806 956 enni
818 906 907 956 trihus
916 904 1006 971 legio·

200 978 283 1028 nibus
301 982 345 1026 est
357 975 501 1042 profectus
516 983 558 1036 et,
578 991 662 1043 quum
677 976 713 1028 ad
725 991 773 1026 eos
785 975 1006 1042 adpropinquas-

200 1052 253 1106 set,
264 1044 331 1114 fuga
342 1048 485 1112 perterriti
498 1046 576 1098 multi
591 1050 658 1100 sunt
667 1045 824 1108 interfecti,
846 1044 1006 1110 complures

201 1116 290 1182 capti;
308 1116 449 1182 inquibus
464 1116 522 1166 duo
539 1117 553 1144 *
573 1116 655 1166 multi
667 1122 814 1182 praetereo
828 1117 913 1166 armis
925 1115 1005 1166 exuti

200 1185 347 1254 fugerunt;
366 1201 482 1252 quorum
494 1191 575 1236 scuta
584 1191 651 1236 sunt
661 1186 751 1237 relatu
763 1187 913 1252 octoginta

254 1257 289 1308 X.
307 1257 468 1324 Insequenti
483 1255 546 1307 luce
556 1256 705 1324 Arguetius
717 1271 752 1307 ex
761 1255 843 1307 ltalia
852 1269 914 1305 curn
927 1255 1003 1321 equi-

200 1331 262 1378 tatu
272 1328 360 1378 venit.
395 1327 422 1377 ls
433 1327 514 1394 signa
529 1324 748 1393 Saguntinorum
761 1325 859 1377 retulit
870 1324 1005 1392 quinque,

201 1412 274 1464 qnae
289 1397 325 1448 ab
340 1395 487 1463 oppidanis
501 1397 583 1463 oepit.
619 1395 676 1447 Suo
691 1396 754 1448 loco
769 1398 938 1462 praeteritus
953 1403 1005 1457 est,
1048 1423 1049 1428 =

201 1467 278 1534 quod
293 1469 400 1533 equites
414 1481 450 1518 ex
465 1466 547 1518 ltalia
561 1481 624 1517 curn
637 1469 791 1532 Asprenate
805 1465 840 1516 ad
854 1466 1006 1516 Gaesarem

200 1539 352 1588 venissent.
368 1587 374 1596 ,
389 1537 430 1588 Ea
448 1543 531 1588 nocte
542 1535 691 1602 Pompeius
707 1541 799 1587 castro
812 1549 863 1586 sua
880 1535 1008 1586 incendit

201 1607 277 1658 etad
289 1605 445 1658 Cordubam
454 1622 552 1659 versus
561 1608 617 1657 iter
627 1604 720 1658 facere
731 1607 834 1670 coepit.
868 1604 941 1667 Rex,
958 1619 1007 1655 nc-

199 1677 277 1727 rnino
286 1675 368 1738 lndo,
388 1678 435 1742 qui
445 1693 508 1729 curn
519 1677 645 1744 equitatu
659 1691 725 1726 suas
735 1675 829 1742 copias
839 1674 1009 1736 adduxerat,

200 1745 266 1794 dum
289 1745 415 1810 cupidius
433 1761 536 1814 agmen
558 1745 779 1797 adversariorum
800 1745 970 1812 insequitur,
992 1759 1010 1796 a

199 1813 353 1864 vernaculis
364 1815 527 1880 legionariis
538 1823 671 1881 exceptus
682 1821 727 1867 cst
736 1821 766 1868 et
774 1812 954 1867 interfectus.

250 1882 299 1932 xl.
318 1881 438 1934 Postero
449 1885 493 1936 die
509 1887 617 1952 equites
632 1886 840 1952 nostrilongius
851 1883 888 1934 nd
897 1884 1010 1937 cordu-

197 1951 263 2003 bam
277 1966 374 2004 versus
384 1955 527 2017 prosecuti
543 1961 611 2006 sunt
631 1971 691 2019 eos,
711 1956 761 2023 qui·
776 1959 951 2006 commeatus
971 1955 1011 2006 ad

199 2027 294 2074 costra
304 2020 431 2088 Pornpeii
444 2039 480 2074 ex
496 2025 597 2093 oppido
612 2027 777 2092 portabant3
797 2039 834 2077 ex
847 2025 881 2074 iis
894 2027 972 2091 capti
984 2024 1012 2075 1.

198 2108 261 2144 cunr
272 2093 404 2144 iumentis
414 2093 449 2144 ad
460 2101 558 2146 riostra
569 2095 682 2148 adducti
693 2101 760 2146 sunt
768 2099 867 2145 castra.
895 2094 1011 2152 Eodem

199 2162 244 2214 die
252 2163 423 2226 orlandus,
434 2165 563 2216 tribunus
575 2167 693 2217 militurn
705 2166 751 2233 qui
762 2163 1013 2231 fuissetPompeii,

198 2233 235 2306 ad
245 2248 297 2285 nos
306 2232 472 2301 transfugit,
492 2241 522 2286 et
537 2237 627 2294 noctis
644 2238 730 2286 tertia
744 2235 840 2301 vigilia
852 2237 882 2284 in
898 2235 1013 2302 oppido

198 2305 335 2356 acerrime
355 2311 510 2372 pugnatum
532 2310 586 2368 est,
614 2307 762 2372 ignemque
781 2305 898 2355 rnultnnr
922 2306 1013 2356 nuise-

196 2379 271 2434 runt,
282 2374 323 2424 sio
332 2379 365 2424 ut
375 2388 457 2426 ornne
468 2389 565 2442 genus,
585 2376 684 2443 quibus
695 2376 768 2442 ignis
779 2376 928 2440 perlaetus
941 2373 1014 2425 soli-

196 2447 244 2492 tus
257 2448 301 2494 est
310 2444 393 2505 mitti,
405 2449 590 2496 exerceretur.
627 2444 690 2496 Hoc
700 2445 855 2512 praeterito
865 2449 1016 2510 ternpore,

196 2511 226 2559 C.
242 2510 412 2573 Fundanius,
433 2528 518 2579 eques
537 2515 686 2577 Romanus,
705 2529 741 2566 ex
754 2515 856 2566 castris
872 2513 1012 2566 adversa·

194 2579 300 2638 riorum
311 2581 347 2631 ad
364 2595 414 2631 nos
425 2581 584 2650 transfugit.

245 2647 307 2698 Xll.
326 2647 444 2700 Postero
464 2651 509 2702 die
530 2667 565 2703 ex
586 2652 701 2720 legione
721 2651 872 2704 romanulo
893 2651 1013 2704 milites

195 2719 259 2762 sunt
270 2717 345 2779 capti
355 2717 390 2768 ab
401 2719 537 2785 equitibus
548 2723 650 2772 nostris
660 2721 726 2784 deo,
746 2723 794 2790 qui
805 2722 950 2786 dixerunt,
974 2737 1013 2774 se
