2150 3124
394 175 542 230 arnan
565 163 629 231 'ru
877 181 910 232 aa

94 264 713 352 'quarumillaluitiostissimn,quodquam
723 267 913 346 'rideretiler

82 365 205 403 'manos
224 357 283 402 tam
304 351 385 404 facila
405 350 521 418 impelli,
541 357 574 402 ut
592 352 621 402 in
637 351 757 402 Galliam
779 355 913 416 venirent,
982 393 985 406 .

83 443 86 450 ¹
99 424 165 474 suis
176 421 378 490 quoquerebus
389 436 436 473 eos
447 422 546 473 timere
556 421 658 483 voluit,
677 436 760 487 quum
771 421 913 491 intellege·

83 497 185 554 'rent‚
205 496 235 542 et
253 489 334 558 posse
355 497 384 544 et
403 490 507 542 audere
522 490 617 557 populi
628 489 745 541 Romani
760 493 912 544 exeicitum

83 561 234 614 'Rhenum
254 563 383 613 transire.
419 561 540 612 Accessit
559 562 655 621 etiam,
685 560 758 627 quod
778 559 828 612 illa
848 575 912 628 pars

102 631 247 700 equitatus
262 632 406 698 Usipetum
420 627 712 691 et'l'enchtberorum,
732 639 914 697 quam'supra

102 702 322 752 commemoravi
332 699 482 767 praedandi
493 698 735 766 frumentandique
746 713 844 751 caussa
853 701 913 752 Mo·

102 785 165 822 sam
177 772 323 832 transisse,
338 785 373 821 ne
393 784 427 821 ue
438 768 544 836 proelio
555 767 727 830 interfuisse,
746 774 809 835 post
819 769 914 838 lugam

103 854 223 890 suorum
238 853 268 891 se
278 842 356 890 trans
366 787 490 890 laeuum
501 839 529 888 in
540 839 611 889 tines'
619 835 826 904 Sigambrurum
837 854 914 891 rece·

85 909 188 976 ‘perat
208 923 293 976 seque
314 925 376 960 cum
395 909 430 959 iis
449 909 639 960 coniunxerat.
675 906 717 960 Ad
737 922 806 976 quos
826 923 912 977 quum

86 980 214 1030 'Caesar
234 975 350 1030 nuncios
367 978 501 1038 misisset,
520 978 566 1045 qui
578 975 766 1044 postularent,
786 989 846 1041 eos,
865 982 912 1048 qui

103 1048 158 1099 sibi
169 1047 333 1115 Galliaeque
342 1047 446 1099 bellum
456 1047 627 1108 intulissent,
642 1046 694 1097 sibi
705 1047 853 1110 dederent,
869 1064 912 1102 re·

103 1117 292 1184 spondaruntr
304 1116 406 1184 Populi
410 1115 527 1169 Rornani
536 1112 807 1183 imperiumllbeuam
810 1116 911 1188 finire:

104 1187 142 1250 ti,
162 1203 189 1238 se
209 1185 294 1238 inuito
308 1187 457 1239 Germanos
469 1184 499 1238 iu
513 1184 632 1237 Galliam
647 1185 781 1250 transire,
801 1203 854 1239 non
869 1203 913 1240 ae·

89 1262 189 1326 'quum
203 1255 386 1318 existimaret,
405 1271 455 1307 cur
470 1253 513 1307 sui
527 1254 671 1320 quidquam
682 1269 735 1306 erse
745 1255 853 1322 inaperii
863 1264 913 1308 aut

103 1325 252 1394 potestatis
260 1334 339 1377 ¹trum
348 1324 471 1377 Rbeatam
479 1325 646 1391 postularet?
675 1324 736 1375 Ubii
748 1332 853 1384 autem,
864 1328 912 1392 qui

89 1407 91 1410 ’
104 1398 156 1446 uni
176 1409 210 1446 ex
223 1393 429 1446 transrhenanis
445 1394 480 1444 ad
492 1395 636 1445 Caesarem
651 1390 760 1458 legatos
771 1395 913 1456 miserant,

90 1465 256 1515 'amicitiam
281 1465 418 1527 fecerant,
443 1463 551 1515 obsides
571 1462 719 1523 dederant,
744 1477 913 1530 magnopere

108 1530 240 1596 orabant,
264 1537 294 1586 ut
313 1533 365 1585 ribi
385 1532 518 1586 auxilium
532 1531 640 1614 ferret,
659 1531 729 1598 quod
743 1531 913 1599 gravitaret

91 1603 94 1613 “
112 1602 204 1654 Suesia
216 1607 404 1671 premerentur
409 1618 421 1664 ;
438 1603 492 1666 uel,
512 1618 537 1654 rr
545 1599 576 1650 id
583 1600 681 1672 facere
693 1599 913 1668 occupationibus

108 1671 272 1740 reipublicae
292 1671 497 1740 prohiberetur,
525 1667 672 1722 exercitum
696 1669 772 1722 niodo
791 1667 914 1728 Rhenum

110 1749 327 1809 transportaret.-
351 1740 381 1792 id
397 1741 450 1794 tibi
467 1741 505 1792 ad
522 1739 657 1792 arcadium
676 1754 797 1808 spemque
816 1739 915 1808 reliqui

110 1811 237 1879 temporis
246 1811 466 1884 satisfacturum.-
482 1817 589 1862 tautum
599 1824 654 1860 esre
663 1823 756 1861 nornen
766 1809 849 1876 bique
860 1810 914 1878 api·

110 1879 215 1934 aionem
225 1879 282 1932 eius
292 1880 436 1945 exercitur,
444 1879 579 1931 Ariouisto
587 1880 665 1947 pulso
677 1887 704 1930 et
713 1876 762 1930 dee
771 1879 913 1934 uouirdrno

107 1949 211 2018 praelio
216 1951 306 2024 facto,
315 1949 446 2002 etiamad
454 1948 563 2001 ultimae
576 1950 770 2001 Germanarum
781 1950 914 2014 nationes,

111 2019 154 2072 nti
171 2017 295 2088 opinione
316 2021 347 2071 ‘et'
357 2018 480 2071 amicitia
491 2015 712 2087 papuliltomaui
725 2018 782 2070 tuti
791 2036 845 2072 erre
851 2036 914 2088 por·

93 2089 172 2142 'tint
207 2088 324 2140 Narium
344 2103 472 2157 magnam
491 2089 597 2156 copiam
616 2088 652 2140 ad
666 2089 912 2156 transportandum
958 2144 960 2150 ,

111 2160 261 2211 exercitum
272 2159 483 2226 pollicebantur.

161 2229 248 2281 XVll.
286 2227 435 2280 Caesarbis
446 2227 480 2279 de
490 2227 602 2290 caussis,
609 2241 677 2294 quas
689 2225 913 2290 commemorari,

112 2295 235 2350 libanum
255 2299 374 2349 transire
394 2298 568 2362 decreverat3
592 2296 642 2347 sed
656 2295 770 2346 navibus
785 2298 914 2358 transire,

113 2383 200 2437 neque
211 2368 277 2418 satis
288 2373 378 2418 tutum
389 2380 449 2420 esne
460 2365 661 2426 arbitrabatur,
684 2377 775 2431 neque
785 2379 851 2417 stine
868 2363 915 2418 n'e-

95 2451 105 2466 '¹
114 2453 165 2505 que
175 2436 271 2504 populi
283 2435 398 2488 lloiliairi
409 2437 551 2504 dignitatis
562 2439 622 2486 esse
632 2433 780 2485 statuebat.
804 2434 913 2504 ltaque,

115 2507 165 2558 etsi
182 2505 453 2558 summadiliicultas
469 2504 590 2557 faciundi
605 2503 697 2570 pontis
709 2505 914 2570 proponebatur

114 2581 226 2644 propter
235 2575 426 2639 latitudinem,
437 2575 614 2642 rapiditatem
625 2571 854 2642 altitudinemque
863 2572 913 2626 llu-
983 2625 984 2628 ,

115 2647 206 2707 minis,
224 2650 318 2697 tamen
333 2645 362 2697 id
376 2646 427 2697 sibi
441 2643 678 2706 conueniendum,
697 2649 746 2695 aut
761 2643 843 2695 aliter
857 2659 912 2696 non

117 2715 345 2768 transducendum
362 2716 527 2776 exereitum,
547 2713 731 2766 existimabat.
767 2713 912 2766 Rationem
