2152 3132
180 169 237 224 oba
374 168 430 221 DE
447 167 588 220 ΒΗΜΛ)
605 165 788 220 asellico

180 274 373 341 proficiscitur,-
391 275 451 339 qni,
474 277 540 322 tunc
552 272 667 338 primum
680 271 775 322 adlato
786 274 882 324 nuntio
893 273 928 325 de
940 289 991 341 op·
1061 252 1062 282 1

178 344 350 412 pugnatione
371 341 590 404 Vellaunoduni,
613 357 696 409 quum
716 341 825 410 longios
845 357 904 394 eam
927 359 991 395 rem
1061 395 1062 400 ,

96 430 99 436 ·
179 413 292 465 ductam
307 413 343 462 iri
356 413 564 475 existimarent,
585 411 753 479 praesidium
771 411 876 464 Genabi
887 413 989 466 tuendi

178 497 289 544 caussa,
315 481 388 550 quod
403 497 436 534 eo
452 483 609 545 mitterent,
630 483 834 548 comparabant.
869 482 933 532 llne
947 483 988 532 bi-

180 551 237 603 doo
247 554 387 619 pervenit3
403 553 501 602 castris
511 557 575 604 ante
587 552 715 618 oppidum
728 553 836 618 positis,
852 550 907 602 diei
917 558 988 602 tem·

178 636 247 688 pore
268 622 409 684 exclusus,
425 623 452 672 in
473 627 614 687 posterum
628 623 863 688 oppugnationem
883 620 986 682 dill‘ert,

179 706 308 759 quaeque
318 691 352 742 ad
364 707 424 742 eam
435 706 494 742 rem
505 693 567 742 usui
578 693 642 754 sint,
657 690 790 742 militibus
802 693 933 758 imperat;
949 697 987 752 et,

179 761 254 828 quod
270 761 401 827 oppidum
413 759 556 812 Genabum
571 775 640 827 pons
649 760 770 811 llunrinis
780 761 890 827 Ligeris
901 763 989 811 conti-
1051 769 1057 774 ·

180 831 277 890 nebat,
303 831 421 892 veritus,
446 846 480 881 ne
506 836 589 882 noctu
615 845 649 892 ex
670 830 772 895 oppido
791 829 987 897 profugerent,

182 900 251 950 duas
263 899 387 965 legiones
396 901 425 949 in
436 902 519 951 aroris
530 900 667 951 excubare
677 900 762 949 iubet.
798 895 988 962 Gerrabenses,

181 969 275 1036 paullo
290 975 356 1020 urite
370 967 489 1018 mediam
500 975 609 1022 noctem
619 968 730 1019 silentio
742 983 775 1019 ex
787 969 886 1034 oppido
898 983 989 1036 egres·

181 1041 223 1100 si,
243 1037 346 1090 flueren
356 1038 475 1088 transire
485 1044 646 1104 coeperunt.
687 1038 989 1104 Quareperexplora-
1055 1059 1060 1066 ·

181 1106 258 1158 toresi
273 1107 416 1169 nunciata,
438 1107 538 1158 Caesar
555 1108 694 1174 legiones,
713 1123 780 1174 quas
795 1108 938 1174 expeditas
949 1123 989 1158 es

181 1193 212 1228 se
222 1179 357 1240 iusserat,
367 1178 455 1243 portis
465 1178 598 1240 incensis,
618 1179 781 1231 intromittit
792 1183 875 1244 atque
886 1177 987 1243 oppido

181 1249 302 1314 potitur,
326 1249 470 1313 perpaucis
492 1261 526 1298 ex
546 1247 666 1298 bostium
683 1262 798 1300 numero
814 1246 989 1309 desideratis,

183 1318 248 1384 quin
260 1319 353 1368 cuncti
363 1317 417 1367 vivi
429 1325 608 1383 caperentur,
629 1317 703 1387 quod
713 1319 805 1385 pontis
817 1324 899 1386 atque
910 1318 989 1367 itine-

181 1401 243 1439 rum
256 1387 400 1454 angustiae
411 1387 583 1438 multitudini
594 1386 687 1457 fugam
697 1388 917 1439 intercluserant.
936 1385 990 1450 Op-

181 1455 275 1522 pidum
292 1458 387 1523 diripit
401 1463 484 1525 atque
498 1457 634 1521 incendit,
653 1457 784 1524 praedam
797 1457 930 1508 militibus
941 1454 988 1505 do-

182 1533 244 1588 nat,
266 1530 418 1580 exercitum
434 1527 557 1597 Ligerim
571 1529 726 1580 transducit
744 1534 828 1594 atque
843 1529 871 1576 in
887 1526 989 1577 Bituri-
1067 1559 1068 1562 ,

182 1611 247 1663 gum
260 1599 329 1648 lines
338 1599 472 1663 pervenit.

236 1665 297 1721 Xll.
318 1667 545 1734 Vercingetorix,
564 1668 610 1717 ubi
625 1667 660 1718 de
670 1667 796 1718 Caesaris
812 1664 932 1714 adventu
943 1677 988 1712 co-

181 1737 290 1802 gnorit,
311 1737 516 1802 oppugnatione
531 1737 638 1787 destitit
653 1741 735 1802 atque
750 1736 858 1786 obviam
875 1731 988 1781 Caesari

180 1805 374 1870 proficiscitur.
414 1805 465 1856 llle
481 1806 610 1871 oppidum
622 1803 808 1872 [biturigum
827 1803 946 1867 positum
959 1802 989 1850 in

180 1871 253 1938 s·ia,]
279 1872 473 1924 Noviodunum
488 1889 648 1942 oppugnare
663 1876 831 1925 instituerat.
877 1871 988 1932 Quoex
1038 1890 1045 1904 ³

181 1941 283 2008 oppido
295 1957 377 2009 quum
388 1943 473 2010 legati
484 1945 522 1996 ad
532 1960 594 1996 eurn
605 1945 756 2007 venissent,
771 1949 892 2002 oratum,
912 1945 945 1990 ut
954 1942 990 1990 si·

180 2012 209 2062 bi
225 2013 382 2078 ignosceret
397 2028 518 2082 suaeque
527 2016 601 2066 vitae
612 2014 782 2077 consuleret3
802 2019 834 2064 ut
845 2011 988 2064 eeleritate

182 2081 305 2149 reliqnas
322 2097 367 2132 ros
383 2085 547 2148 conticeret,
565 2099 619 2151 qna
633 2084 766 2152 pleraque
782 2089 844 2134 erat
858 2095 988 2133 consecu-

181 2160 244 2213 tus,
265 2166 343 2202 arnna
358 2152 489 2218 proferri,
509 2169 595 2222 equos
609 2156 738 2222 produci,
758 2152 867 2205 obsides
879 2151 938 2202 dari
950 2151 988 2200 iu·

181 2223 240 2274 bet.
276 2220 359 2274 Parte
370 2224 424 2274 iam
436 2225 562 2276 obsidum
574 2225 718 2285 transdita‚
734 2239 818 2292 quum
828 2219 988 2288 reliquaad·

182 2293 423 2355 ministrarentur,
444 2294 652 2346 centurionibus
663 2301 692 2346 et
702 2295 796 2361 paucis
806 2291 941 2343 militibus
951 2291 990 2341 in·

182 2362 333 2422 tremissis,
353 2364 401 2428 qui
411 2377 489 2416 orma
497 2367 678 2432 iumentaque
686 2364 896 2431 conquirerent,
917 2361 991 2429 equi·

182 2435 259 2480 tatus
274 2429 395 2489 hostium
408 2434 504 2498 procul
514 2436 589 2486 visos
599 2440 654 2497 est,
674 2434 719 2502 qui
731 2447 829 2499 agonen
839 2433 990 2498 Vercinge-

183 2500 281 2568 torigis
292 2507 490 2554 antecesserat.
510 2506 597 2567 Quem
609 2504 916 2572 sinrulotqueoppidani
927 2517 991 2552 con·

183 2577 333 2632 spexerunt
348 2577 432 2638 atque
447 2574 476 2626 in
491 2589 567 2640 spem
581 2573 678 2625 auxilii
693 2579 843 2634 venerunt3
867 2573 988 2636 clanrnre

182 2636 294 2688 sublato
305 2651 382 2690 arnna
394 2657 505 2708 capere,
526 2649 621 2710 portas
632 2643 779 2706 claudere,
797 2649 905 2694 nruinnr
916 2649 988 2692 conr-¹

183 2703 260 2765 illm
272 2716 431 2770 votuerunt.
470 2714 655 2765 Centuriones
665 2716 692 2763 in
704 2714 805 2782 oppido
815 2727 898 2780 qnum
910 2726 943 2762 rx
954 2711 987 2758 si·
