2150 3124
184 171 218 226 32
373 171 429 224 DE
448 172 590 226 Becco
611 129 799 227 chambo

184 275 267 339 dere,
287 277 313 328 ei
327 282 453 343 potestas
464 292 520 328 nun
531 277 649 328 deesset.
684 278 839 328 Ariovistus
847 272 892 328 his
904 279 991 328 omni·

182 345 234 398 bus
264 346 359 398 diebus
384 348 535 398 exercitum
561 349 658 400 castris
682 350 831 398 continuit:
866 347 990 415 equestri

182 416 289 482 proelio
306 416 426 484 quotidie
441 416 590 467 contendit.
628 417 722 476 Genus
738 415 790 470 hoc
801 422 861 468 erat
871 431 989 484 pugnae,

183 493 238 554 quo
253 501 283 537 se
299 487 429 537 Germani
445 491 635 552 exercuerant.
671 487 802 554 Equitum
818 487 990 546 miliaerant

183 569 245 618 sex3
265 553 380 607 totidem
396 571 511 607 numero
526 556 633 622 pedites
647 555 859 617 velocissimiac
874 555 990 606 fortissi-

183 627 234 689 mi;
259 639 329 693 quos
344 641 378 678 ex
394 627 468 676 omni
482 628 560 692 copia
570 626 672 693 singuli
682 625 819 696 nequies,
840 641 906 678 suae
916 624 989 675 salu-

183 695 220 744 tis
240 709 351 758 caussa,
371 695 542 764 delegerant.
578 696 646 746 Cum
667 693 708 744 his
728 697 756 745 in
772 695 884 762 proeliis
901 710 989 746 versa·

183 765 298 828 bantur,
309 766 345 818 ad
356 764 406 816 hos
416 781 445 816 se
456 767 564 832 equites
574 765 755 832 recipiebant:
766 762 794 815 hi
801 801 809 827 ‚
820 766 842 814 si
854 764 918 832 quid
929 769 991 815 erat

184 835 293 897 durius,
313 836 528 886 concurrebant:
548 836 571 884 si
583 836 641 901 qui,
652 835 780 900 graviore
789 834 903 885 vulnere
914 848 992 885 acce-

204 911 247 967 to,
267 919 336 970 equo
358 904 511 965 deciderat,
531 904 780 954 circumsistebant:
811 905 834 954 si
855 917 908 970 quo
928 907 991 954 erat

184 920 295 1039 fongius
307 972 507 1039 prodeundum,
518 978 567 1022 aut
576 971 694 1023 celerius
702 973 899 1038 recipiendum,
910 978 991 1024 tanta

183 1049 245 1096 erat
256 1041 354 1092 horum
365 1042 563 1093 exercitatione
574 1041 713 1104 celeritas,
723 1047 763 1103 ut,
774 1043 844 1094 iubis
855 1057 989 1110 equorum

183 1111 455 1174 sublevati,cursum
467 1110 663 1178 adaequarent.
732 1145 733 1148 =
763 1160 766 1163 .

188 1232 191 1237 .
235 1181 334 1233 XLIX.
370 1180 421 1232 Ubi
437 1195 499 1232 eum
516 1181 613 1232 castris
623 1197 653 1232 se
663 1185 760 1232 tenere
771 1182 873 1234 Caesar
882 1180 990 1232 intelle·
1054 1179 1059 1188 ’

182 1251 235 1319 xit,
251 1267 285 1302 ne
296 1251 565 1303 diutius-commeatu
576 1250 782 1316 prohiberetur,
791 1251 867 1302 ultra
877 1250 991 1304 eum-lo-

183 1336 257 1384 cum,
276 1335 330 1388 quo
340 1322 368 1370 in
378 1321 439 1371 loco
450 1320 582 1372 Germani
593 1321 789 1384 consederant,
809 1323 919 1374 circiter
929 1335 990 1386 pas-

182 1405 231 1442 sus
245 1397 391 1443 sexcentos
406 1391 440 1440 ab
456 1391 509 1452 eis,
523 1391 622 1442 castris
632 1391 763 1443 idoneum
775 1392 865 1443 locum
877 1391 990 1456 delegit,

183 1462 297 1529 acieque
310 1461 413 1528 triplici
423 1463 571 1525 instructa,
592 1461 700 1514 adeum
712 1462 803 1516 locum
813 1463 899 1520 venit,
934 1459 991 1510 Pri-

182 1545 256 1584 mam
267 1536 295 1582 et
305 1531 452 1582 secundam
463 1532 550 1582 aciem
560 1533 588 1582 in
601 1533 684 1582 armis
696 1547 764 1594 esse,
775 1533 887 1583 tertiam
899 1535 992 1580 castra

183 1603 291 1653 munire
303 1602 391 1652 iussit.
415 1602 468 1652 Hic
478 1601 556 1652 locus
567 1601 600 1651 ab
612 1599 691 1653 hoste
702 1603 814 1653 circiter
823 1615 920 1667 passus
930 1613 991 1650 sex·

182 1676 293 1733 centos,
313 1672 353 1721 uti
375 1671 479 1721 dictum
500 1675 556 1733 est,
576 1671 680 1722 aberat.
716 1672 762 1736 Eo,
778 1672 889 1721 circiter
903 1667 991 1720 horni-

182 1756 247 1791 num
264 1754 379 1790 numero
394 1739 460 1792 xvi
476 1740 552 1790 milia
566 1740 693 1804 expedita
708 1755 769 1790 cum
781 1741 856 1790 omni
865 1741 990 1806 equitatu
1060 1763 1061 1766 ¹

92 1816 94 1820 ’
182 1809 339 1860 Ariovistus
350 1809 439 1871 misit,
456 1823 526 1874 quae
538 1809 632 1873 copiae
642 1815 752 1860 nostros
762 1812 991 1876 perterrerentur

182 1879 335 1930 munitione
346 1876 532 1944 prohiberent
552 1876 645 1929 Nihilo
656 1879 745 1930 secius
757 1879 870 1941 Caesar,
883 1882 915 1928 ut
925 1884 990 1930 ante

182 1948 377 2010 constituerat,
398 1946 466 1998 duas
477 1949 552 1999 acies
562 1944 669 1999 hostem
680 1948 859 2014 propulsare,
877 1949 989 1998 tertiam

184 2031 252 2084 opus
263 2017 395 2084 perlicere
406 2017 494 2068 iussit.
530 2017 645 2068 Munitis
655 2019 766 2081 castris,
778 2018 847 2068 duas
857 2018 895 2076 ibi
906 2017 990 2086 legie-

183 2102 231 2138 nes
245 2086 361 2154 reliquit
374 2091 403 2137 et
418 2091 524 2152 partem
536 2087 717 2154 auxiliorum
737 2094 858 2156 quatuor
867 2086 990 2154 reliquas

183 2157 562 2217 incastramaiorareduxit.

237 2227 270 2281 Ia
306 2225 436 2278 Proximo
450 2227 509 2290 die,
529 2226 732 2290 institutosuo,
753 2227 989 2280 Caesarecastris

154 2342 157 2347 .
183 2297 306 2366 utrisque
317 2297 409 2364 copias
418 2296 602 2359 suas'eduxit3
621 2297 801 2365 paullumque
811 2313 828 2348 a
838 2297 988 2348 maioribus

183 2379 359 2436 progressus,
389 2368 476 2420 aciem
494 2367 628 2418 instruxit
647 2366 828 2435 hostibusque
848 2365 987 2434 pugnandi

183 2443 349 2505 potestatem
361 2435 435 2488 t'ecit.
472 2437 524 2488 Ubi
535 2453 568 2488 ne
578 2443 638 2488 turn
649 2437 759 2504 quidem
771 2451 819 2489 eos
828 2437 940 2503 prodire
950 2437 987 2484 in-

145 2565 147 2570 ,
184 2508 308 2571 tellexit,
328 2508 439 2559 circiter
449 2506 594 2559 meridiem
606 2509 757 2559 exercitum
769 2509 798 2557 in
809 2504 987 2558 castraredu·
1060 2551 1061 2564 ,

182 2577 232 2628 xit.
268 2577 340 2628 Tum
356 2577 466 2648 demum
480 2577 637 2630 ariovistus
651 2583 758 2644 partem
773 2591 885 2628 suarum
899 2573 987 2640 copia·
1060 2565 1061 2592 ³

182 2661 256 2708 rum,
276 2661 346 2715 qnae
357 2652 446 2699 castra
457 2649 564 2698 minora
575 2653 761 2714 oppugnaret,
781 2648 867 2699 misit:
886 2644 986 2694 acriter

185 2716 322 2784 utrimque
334 2731 419 2784 usque
430 2715 466 2772 ad
475 2731 619 2786 uesperum
629 2723 781 2787 pugnatum
793 2722 843 2772 ert.
861 2713 934 2768 Solis
943 2727 986 2766 oe·
