2124 3154
185 193 238 252 522
400 197 430 247 C.
443 195 557 249 'lULll
577 195 783 250 CAESARIS

187 301 290 366 hausit,
301 302 343 354 ita
352 297 527 368 hordeoque
538 314 574 352 ex
584 299 682 351 eadem
692 300 873 355 institutione
884 307 1000 356 mutua·

186 379 233 424 tus
245 381 310 437 ests
323 378 355 424 ut
364 372 399 423 ad
410 369 484 422 Solis
496 385 607 422 cursum
621 370 738 442 liniendi
747 374 815 423 anni
824 380 936 440 tempus
950 391 1000 426 ex-

187 443 326 495 tenderet.
345 439 502 493 Macrobius
511 439 557 491 ls'l.
570 438 593 490 l.
606 439 837 509 &conecclo
849 443 991 496 eddesius

180 513 247 564 dem
256 511 321 565 libri
331 525 390 579 cap.
403 510 443 561 14.

241 583 311 634 'l'res
326 589 420 633 autem
437 579 517 648 luere
539 585 647 642 sectae,
669 578 825 645 Chaldaea,
844 583 1000 650 Aegyptia,

188 652 310 704 Graeca:
324 649 367 702 his
377 649 485 701 addidit
492 650 567 716 apud
579 663 631 701 nos
643 656 772 716 quartam
784 653 891 704 Caesar
902 654 1000 706 Dicta·

188 729 250 786 tor,
270 735 359 772 annos
368 720 403 779 ad
414 718 486 772 Solis
496 733 607 770 cursuro
618 717 748 787 redigens
758 722 899 789 singulos,
922 723 999 774 Sosi·

188 806 262 860 gene
296 792 368 844 crito
384 791 519 842 scientiae
533 790 594 841 eius
608 787 742 841 adhibito.
778 791 827 844 Ee
837 791 914 844 Plio.
925 794 943 844 l.
959 793 999 845 18.

188 877 246 912 co.
293 899 299 913 .
874 909 876 915 .

218 876 263 982 pA
274 929 380 982 Bruma
394 929 423 980 in
433 928 587 980 Favonium
598 929 712 980 Caesari
725 930 833 984 nobilia
850 929 948 982 sidera
964 931 1001 983 si·

189 1001 337 1066 gnificant‚
364 999 404 1051 lll
424 998 488 1050 Kal.
509 998 568 1050 lan.
589 1000 728 1049 matutino
751 1001 834 1051 Canis
855 1002 1000 1054 occidens.

189 1070 279 1128 Ponto
286 1076 364 1138 port:
382 1068 476 1120 Pridie
486 1067 557 1120 Non.
573 1069 630 1120 lan.
644 1069 756 1121 Caesari
767 1068 926 1136 Delphinus
942 1088 1001 1123 nra·

190 1140 281 1192 totino
293 1139 429 1200 exoritur,
438 1144 468 1189 et
477 1143 590 1206 postero
602 1139 648 1190 die
659 1139 792 1202 Fidicula,
803 1154 859 1205 quo
867 1143 1000 1210 Aegypto

192 1211 303 1277 Sagitta
313 1209 424 1278 vesperi
434 1207 545 1260 oceidit.
561 1208 652 1259 Paulo
659 1217 734 1275 post.-
744 1211 765 1260 A
777 1209 901 1262 Favonio
912 1214 941 1262 in
955 1228 999 1264 ae·

192 1281 361 1348 quinoctium
371 1294 486 1331 vernum
496 1279 609 1330 Caesari
616 1278 838 1346 significatXVll
845 1281 910 1332 Kal.
921 1281 999 1334 Mar-

191 1352 225 1402 tii
235 1351 360 1402 triduum
371 1349 461 1400 varie:
492 1354 521 1400 et
531 1348 597 1401 Vlll
608 1349 670 1400 Kal.
684 1349 850 1400 Hirundinis
860 1351 939 1414 risu,
972 1359 1001 1404 et

191 1426 303 1488 postero
315 1420 360 1472 die
369 1419 479 1474 Arcturi
491 1423 590 1471 exortu
601 1419 770 1484 vespertino.
793 1419 862 1471 item
873 1415 911 1472 ru
925 1419 999 1490 Non.

191 1489 492 1553 Mart.CaesarCanori
503 1493 603 1541 exortu
614 1488 644 1538 id
654 1489 715 1540 lieri
728 1490 895 1541 observarit.
907 1490 999 1544 Paulo

187 1570 267 1630 post:
299 1562 403 1612 Caesar
419 1567 448 1612 et
458 1560 522 1612 ldus
533 1557 651 1609 Martias
667 1558 770 1610 ferales
786 1561 840 1611 sibi
850 1563 1000 1614 annotarit

192 1631 353 1698 Scorpionis
369 1645 477 1683 occasu.
512 1628 603 1681 Paulo
618 1637 695 1696 post:
717 1628 756 1680 lll
772 1628 869 1681 Nonas
884 1632 951 1699 Apr.
969 1635 999 1683 in

190 1701 284 1753 Attica
294 1701 442 1768 Vergiliae
450 1701 558 1768 vesperi
570 1698 754 1750 occultantur.
769 1700 883 1752 eaedem
895 1703 1000 1768 postri-

191 1771 237 1821 die
249 1771 277 1821 io
289 1770 419 1822 Boeotia:
444 1770 559 1822 Caesari
573 1775 666 1820 autem
676 1775 704 1820 et
715 1766 877 1834 Chaldaeis,
897 1771 999 1825 Nonis,

189 1837 362 1906 Pouloposr:
374 1840 488 1891 Caesari
494 1840 532 1893 Vl
543 1837 786 1906 ldussignilieatur
794 1840 999 1895 imberldbroe

110 1970 112 1976 Ι
191 1923 304 1974 occasu:
334 1907 399 1960 xlv
413 1909 477 1960 Kal.
495 1909 566 1960 Maii
581 1911 709 1976 Aegypto
725 1907 843 1962 Suculae
864 1911 999 1966 occidunt

189 1979 308 2045 vesperi,
319 1978 397 2030 sidus
408 1977 557 2031 vehemens
569 1983 598 2030 et
608 1979 999 2048 terraemariqueturbidum,

190 2049 257 2118 xvi
265 2050 383 2111 Atticae,
393 2048 446 2102 XV
457 2049 578 2110 Caesari,
589 2049 777 2117 continuoque
788 2049 882 2103 triduo
889 2052 999 2120 signiti-

191 2120 296 2172 cabats
317 2117 405 2171 Paulo
418 2129 496 2187 post.-
515 2119 552 2172 Vl
563 2117 657 2170 Nonas
669 2120 737 2170 Maii
749 2120 865 2172 Caesari
875 2119 1000 2178 Suculae

190 2189 327 2242 matutino
339 2190 518 2253 exoriuntur,
540 2196 569 2242 et
581 2189 645 2242 Vlll
657 2189 721 2241 Idus
732 2191 846 2258 Capella
855 2193 999 2258 pluvialis.

189 2259 238 2314 Ex
248 2260 323 2313 Plio.
332 2259 378 2312 lib.
391 2259 430 2311 18.
441 2276 499 2328 cop.
507 2260 551 2312 26.

243 2330 265 2381 A
278 2329 461 2398 Vergiliarum
478 2335 578 2384 exortu
593 2329 755 2397 significant
765 2330 876 2383 Caesari
892 2336 999 2399 postri-

190 2401 236 2456 die
250 2401 361 2454 Arcturi
377 2415 493 2454 occasus
505 2401 644 2454 matutini.
680 2399 768 2453 Paulo
778 2411 860 2469 post:
878 2403 918 2455 Xl
928 2403 998 2457 Kal.

190 2471 304 2522 Caesari
324 2471 435 2521 Orionis
453 2472 565 2539 gladius
580 2472 709 2524 occidere
724 2471 837 2538 incipit:
864 2472 905 2524 ΙΙΙ
921 2475 997 2526 Non.

189 2539 264 2589 lunii
275 2539 396 2602 Caesari,
413 2545 442 2591 et
453 2543 583 2607 Assyriae
595 2542 696 2609 Aquila
705 2543 815 2610 vesperi
826 2545 927 2608 oritur,
939 2553 996 2598 etc.

187 2603 226 2654 ΧΙ
236 2607 300 2658 Kal.
311 2608 433 2659 eiusdem
445 2609 557 2662 Orionis
567 2610 677 2677 gladius
686 2611 801 2663 Caesari
812 2613 940 2668 occidere
952 2617 996 2668 in·

188 2673 263 2736 cipit.
298 2675 346 2728 Ex
355 2674 426 2728 Plio.
438 2677 483 2728 lits
496 2677 535 2729 18.
546 2695 604 2745 cap.
615 2679 657 2730 27.

237 2739 401 2796 ASolstitio
420 2744 457 2796 ad
477 2746 620 2800 Fidiculae
642 2762 770 2802 occasum
786 2749 822 2804 Vl
837 2751 901 2804 Kal.
918 2753 994 2806 lunii
