2180 3140
179 159 233 215 282
378 163 434 215 DE
460 163 608 216 uento
626 163 770 216 civim

179 269 204 318 sl
215 265 286 320 baec
294 273 371 319 esset
384 269 412 318 iu
428 265 604 318 altitudinem
619 269 707 320 turris
721 269 804 319 elata
839 266 870 320 lt
882 266 936 319 hae
946 283 994 320 ra·

179 340 256 390 tione
266 336 483 403 perfeetumest.
817 379 826 390 ,

232 407 280 459 ΙΧ.
298 407 350 458 Ubi
359 409 448 458 turris
462 407 583 458 altitudo
598 405 734 473 perducta
747 408 840 458 estad
857 409 995 460 contabu-

181 477 329 539 lationem3
349 491 411 528 ean
422 477 450 525 in
462 479 584 544 parietes
596 479 846 540 instruxeruntita,
856 484 890 528 nt
898 480 996 544 capita

180 547 323 614 tignorum
334 552 451 598 extenta
459 548 597 613 parietum
608 551 932 614 structurategerentur,
955 563 994 598 ne

183 616 250 683 quid
270 619 420 678 emineret,
448 617 496 668 ubi
515 617 593 684 ignis
618 615 740 667 hostium
766 615 993 668 adhaeresceret.

182 685 266 737 lianc
275 688 390 753 insuper
398 688 648 752 contignationem,
669 691 802 754 quantum
817 692 920 738 tectum
931 685 993 752 plu-

183 758 221 806 tei
232 769 264 806 ae
274 758 415 806 vinearum
427 771 539 822 passum
556 763 612 817 est,
630 755 768 806 latereulo
783 755 991 816 adstruxerunt,

183 839 321 892 supraque
330 840 394 877 eum
403 825 494 876 loeum
505 826 561 876 duo
573 827 654 892 tigne
668 831 827 876 transversa
836 827 992 876 iniecerunt

186 910 241 944 non
252 889 336 962 longe
346 895 381 946 sb
392 897 527 946 extremis
541 895 711 963 parietibus,
730 897 828 962 quibus
839 894 990 961 suspende-

183 971 248 1016 rent
257 977 319 1014 eam
333 965 587 1031 contignationem,
607 979 679 1032 quae
692 967 766 1015 turri
781 965 937 1031 tegimento
947 979 990 1015 es·

184 1038 228 1084 set
247 1031 355 1084 futura:
373 1048 511 1101 supraque
532 1049 567 1084 ea
586 1036 666 1101 tigna
687 1035 794 1086 directo
815 1043 991 1084 transversas

184 1103 279 1153 trabes
296 1104 453 1154 inieoerunt
466 1117 569 1170 easque
581 1105 679 1155 sxibus
692 1103 891 1172 religaverunt.
928 1103 989 1155 llas

183 1172 277 1224 trabes
296 1173 392 1238 paullo
412 1173 553 1239 longiores
573 1180 658 1240 atque
678 1175 886 1236 eminentiores,
905 1187 988 1241 quam

185 1243 302 1293 extremi
313 1245 436 1310 parietes
448 1249 537 1304 erant,
558 1243 724 1306 effecerunt,
744 1250 777 1294 ut
786 1249 874 1304 esset,
892 1245 938 1293 ubi
948 1249 989 1294 te·

183 1313 310 1380 gimenta
324 1313 514 1379 praependere
531 1320 644 1378 possent
658 1313 694 1364 ad
708 1312 901 1364 defendendos
916 1315 988 1364 ietus

183 1397 217 1432 ae
228 1382 420 1451 repellendos,
440 1397 521 1450 quom
534 1385 608 1434 inter
620 1399 680 1436 earn
696 1385 933 1450 contignationem
944 1397 985 1447 pa·

183 1453 271 1504 rietes
283 1459 507 1505 exstruerentur:
522 1467 639 1520 eamque
649 1453 904 1504 contabulationem
915 1467 987 1502 sum·

184 1535 256 1572 mam
267 1523 403 1575 lateribus
414 1523 530 1590 lutoque
546 1529 773 1584 constraverunt,
793 1537 827 1572 ne
839 1522 903 1589 quid
914 1523 987 1589 ignis

183 1590 305 1643 bostium
317 1607 419 1644 nocere
438 1601 544 1658 posset:
564 1598 752 1658 centonesque
768 1594 881 1657 insuper
891 1594 987 1642 iniece-

183 1669 262 1723 runt,
282 1678 319 1714 ne
328 1670 378 1713 sut
388 1662 447 1712 telo
462 1664 609 1713 tormentis
619 1664 704 1714 missa
719 1662 918 1712 tabulationem
928 1675 986 1727 per·

182 1730 349 1796 fringerent,
370 1737 419 1781 aut
428 1745 496 1782 saxa
505 1745 540 1783 ex
549 1732 696 1798 catapultis
706 1732 859 1782 lateritium
870 1732 986 1782 discute-

183 1806 255 1851 rent.
292 1799 401 1851 Storias
417 1807 510 1850 autern
525 1815 560 1852 ex
576 1801 688 1853 funibus
703 1802 858 1852 orreorariis
873 1807 940 1862 tres,
957 1803 986 1850 in

182 1867 388 1936 longitudinem
405 1870 543 1937 parietum
558 1873 656 1932 turris,
676 1871 749 1922 latas
764 1877 884 1938 quatuor
905 1869 986 1937 pedes

183 1935 325 1999 lecerunt,
344 1951 447 2004 easque
458 1951 492 1990 ex
503 1940 592 1990 tribus
602 1940 743 2007 pnrtilios,
764 1957 834 2008 quae
846 1940 881 1991 ad
891 1938 985 1990 hostes

182 2008 346 2075 vergebant,
356 2008 543 2060 eminentibus
554 2010 679 2061 trabibus
689 2013 790 2061 eir-cunr
800 2011 898 2061 turrim
911 2025 987 2076 prae-

183 2077 338 2144 pendentes
349 2078 551 2146 religaverunt:
564 2080 638 2146 quod
647 2095 733 2131 unum
744 2096 831 2147 genus
840 2081 986 2147 tegimenti

183 2148 247 2199 aliis
266 2147 334 2200 loeis
349 2155 430 2200 erant
445 2149 553 2214 experti
570 2148 648 2201 nullo
667 2151 725 2201 telo
741 2163 829 2217 neque
846 2155 986 2202 tormento

184 2219 309 2270 transiiei
321 2233 411 2286 porse.
447 2218 497 2270 Ubi
513 2235 579 2271 vero
595 2235 629 2271 ea
643 2235 707 2287 pars
722 2222 820 2281 turris,
839 2235 910 2287 quoe
926 2227 986 2270 erat

182 2287 397 2355 perieeta,teeta
406 2291 602 2358 atquemunita
612 2298 655 2342 est
664 2291 699 2341 ab
706 2291 780 2340 omni
790 2289 846 2341 ietu
857 2289 985 2350 bostium,

184 2358 294 2424 pluteos
305 2358 339 2410 sd
350 2359 407 2410 ulia
417 2372 501 2426 opera
510 2359 698 2411 abduxerunt:
725 2361 812 2410 turris
823 2365 928 2412 tectum
934 2373 986 2426 per

183 2441 213 2479 se
224 2431 314 2494 ipsum
324 2427 554 2494 prehensionibus
564 2444 599 2480 ex
610 2430 821 2497 contignatione
830 2431 918 2496 primo
928 2444 984 2479 sus·

182 2497 305 2563 pendere
326 2513 359 2548 ae
369 2499 471 2551 tollere
481 2506 646 2563 coeperunt:
674 2501 733 2561 ubi,
746 2506 877 2565 quantum
890 2499 984 2550 storin-

182 2579 244 2616 rum
264 2566 395 2617 demissio
415 2569 579 2633 patiebatur,
598 2575 707 2620 tuntum
722 2569 875 2620 elevabant.
908 2569 984 2620 Intra

181 2631 251 2684 bsee
271 2637 424 2700 tegimenta
434 2638 520 2688 abditi
535 2644 618 2704 utque
639 2640 738 2688 muniti
750 2639 873 2704 parietes
892 2638 982 2690 interi·

181 2701 233 2752 bns
245 2703 435 2766 exstruebant,
446 2718 597 2772 rursusque
607 2705 663 2758 alia
673 2706 857 2772 prehensione
867 2708 902 2760 ad
913 2707 988 2761 sedi.
