2134 3148
173 159 226 212 420
364 157 554 212 Α.Η1Β1ῚΙ
574 159 630 212 DE
649 159 790 214 Babae

174 263 352 334 mirabilique
367 261 525 327 hilaritate3
545 265 666 316 animuin
688 265 761 315 enim
776 263 871 330 ,altum
884 271 914 316 ct
926 281 993 318 ere·

174 341 249 386 eturn
262 351 330 402 prae
342 351 372 387 se
382 335 508 402 gerebat.
532 335 605 384 Huic
616 333 839 398 adquiescebant
847 333 992 399 homines,

175 411 205 457 et
219 407 247 455 io
264 407 323 456 eius
344 405 464 456 scicntia
480 412 509 454 et
523 403 642 455 consilio
662 405 757 456 oninia
777 405 830 456 sibi
850 405 992 471 proclivia

175 490 271 528 onmes
282 475 343 526 iore
355 475 514 541 sperabant.

227 545 276 596 Xl.
295 546 408 607 Caesar,
422 559 479 596 una
491 553 573 595 nocte
584 545 612 594 in
623 545 740 596 navibus
752 551 907 606 consumta,
928 547 990 596 iarn

175 616 254 668 coelo
267 615 389 677 albente,
406 629 490 683 quum
502 613 640 682 proficisci
652 623 811 678 conaretur,
831 616 925 666 subito
940 632 990 666 na·

174 687 249 736 vium
262 701 336 752 pars,
348 685 382 736 de
394 701 448 753 qua
459 685 584 744 timebat,
596 699 630 735 ex
642 699 739 736 errore
748 685 845 736 eodem
858 685 990 736 eonfere-

174 756 272 807 batur..
303 755 365 806 Hae
377 772 406 808 re
419 757 541 821 cognita,
563 757 665 808 Caesar
677 755 810 806 celeriter
821 755 855 807 de
866 756 988 806 naribus

174 828 295 892 imperat
311 841 407 877 tinnites
425 825 522 892 egredi
539 832 622 892 atque
638 834 761 875 armatos
777 827 804 875 in
821 827 906 876 litore
921 825 989 876 reli·

176 909 246 963 quos
263 895 443 946 advenientes
459 895 564 945 milites
580 901 753 961 exspectare.
790 895 903 962 ltaque,
922 896 989 945 sine

176 979 255 1016 mora
266 965 383 1015 naribus
394 965 436 1014 eis
447 966 474 1014 in
486 970 598 1031 portum
610 965 742 1031 receptis,
762 971 791 1018 et
801 965 924 1017 adrectis
937 965 990 1015 rni-

175 1036 258 1086 litum
275 1036 454 1101 equitumque
470 1036 571 1100 copiis,
591 1049 688 1086 rursus
699 1034 735 1085 ad
747 1035 877 1101 oppidum
888 1034 990 1102 Ruspi·

131 1144 134 1154 .
176 1121 239 1156 narn
252 1103 326 1156 redit
336 1109 428 1171 atque,
440 1104 480 1154 ibi
490 1107 591 1155 castris
602 1105 772 1168 coristitutis‚
793 1105 854 1171 ipse
865 1120 928 1156 eum
943 1119 990 1156 co-

175 1175 304 1226 hortibus
316 1174 455 1241 erpeditis
467 1175 586 1240 trim'nta
606 1175 806 1226 frumentatum
829 1182 873 1226 est
895 1174 988 1241 prosc--

176 1253 243 1298 etus.
279 1246 321 1296 Ex
333 1259 367 1295 eo
379 1252 423 1294 est
433 1246 575 1312 cognitum
587 1239 723 1297 Caesaris
731 1244 885 1306 consilium,
906 1244 988 1296 illurn

176 1332 236 1368 curn
251 1315 339 1365 classe
349 1314 465 1365 naribus
476 1316 621 1378 onerariis,
642 1329 712 1383 qnae
725 1315 911 1377 damnassent,
922 1316 988 1366 sub·

176 1387 247 1436 sidio
259 1387 300 1435 ire
313 1385 383 1435 clam
396 1382 524 1436 hostibus
537 1385 671 1448 voluisse,
692 1401 727 1436 ne
743 1401 810 1436 casu
825 1385 985 1451 impruden·

175 1461 220 1507 tes
232 1469 299 1506 suae
311 1469 395 1506 naves
407 1457 435 1504 in
446 1456 562 1506 classem
575 1455 801 1508 adversariorum
812 1455 983 1507 inciderent·

174 1539 266 1592 neque
279 1539 340 1576 eam
352 1519 411 1576 r'cm
424 1539 472 1577 eos
484 1525 603 1577 voluisse
620 1527 706 1586 scire,
728 1526 775 1593 qui
790 1525 817 1576 in
834 1523 985 1592 praesidiis

174 1595 267 1647 relicti
279 1597 323 1644 sui
335 1595 438 1646 milites
451 1594 584 1660 luissent,
605 1597 646 1645 uti
659 1593 728 1646 nibil
742 1601 856 1662 propter
866 1611 985 1646 suorum

175 1666 343 1732 paucitatem
352 1663 725 1716 ethostiummultitudinem
734 1672 808 1716 metu
821 1664 983 1716 delicerent.

226 1733 286 1784 Xll.
305 1735 431 1795 interim,
453 1751 535 1801 quum
547 1737 603 1786 inm
615 1737 719 1788 Caesar
728 1749 895 1802 progressus
907 1744 986 1788 esset

174 1819 191 1854 a
203 1804 304 1854 castris
316 1805 427 1854 circiter
438 1805 515 1855 milia
526 1820 656 1871 passuum
668 1804 737 1867 tria,
759 1821 809 1872 por
825 1805 983 1871 speculato-

173 1888 221 1924 res
233 1878 262 1923 ct
272 1877 469 1925 antecessores
482 1875 592 1940 equites
605 1876 753 1924 nunciatur
764 1876 804 1936 ci,
824 1876 916 1940 copias
932 1873 983 1926 ho·

174 1941 257 1994 stium
275 1940 348 1992 haud
364 1941 448 2010 longe
463 1943 497 1993 ab
509 1959 571 1994 sese
582 1945 665 1995 risas.
702 1945 738 1994 Et
750 1942 861 1995 hercule
874 1960 936 1994 curn
948 1960 983 1996 eo

173 2016 274 2063 nuncio
290 2012 380 2078 pulvis
396 2013 494 2080 ingens
511 2013 633 2080 conspici
654 2020 769 2080 coeptus
790 2019 842 2065 est.
877 2014 939 2064 liae
952 2030 983 2067 re

173 2083 296 2149 cognita,
307 2083 410 2133 Caesar
416 2083 547 2134 celeriter
558 2085 796 2152 iubethuitntunr
809 2079 983 2146 universum,

173 2155 252 2204 cuius
263 2154 370 2219 copiam
382 2150 479 2203 babuit
490 2154 518 2202 in
535 2155 695 2222 praesentia
715 2169 769 2203 non
787 2168 931 2221 magnam,
954 2163 984 2205 et

172 2224 346 2292 sagittarios,
367 2239 484 2291 quorum
501 2238 601 2289 paruus
618 2238 760 2286 numerus,
782 2238 815 2273 ex
828 2224 928 2274 castris
939 2239 984 2274 ar·

172 2294 261 2356 cessi,
284 2301 366 2360 atque
388 2294 540 2345 ordinatim
560 2295 642 2361 signa
662 2309 692 2345 se
712 2294 811 2344 leviter
832 2296 982 2362 consequi:

171 2363 230 2429 ipse
242 2364 409 2415 antecedere
421 2379 481 2415 cum
494 2364 590 2431 paucis
603 2361 726 2415 armatis.
762 2365 886 2432 lamque,
897 2379 983 2430 quum

172 2434 269 2500 procul
280 2432 368 2483 bostis
382 2436 504 2500 corispici
516 2441 618 2499 posset,
640 2435 743 2484 milites
753 2434 782 2484 in
795 2449 895 2500 canipa
904 2434 985 2486 iubet

172 2501 276 2566 galeati
294 2501 373 2552 etad
390 2517 509 2571 pugnam
527 2506 628 2570 parari.
665 2503 789 2565 Quor-unt
807 2505 921 2555 omnino
933 2519 984 2554 nu·

173 2583 265 2618 merus
281 2569 337 2620 fuit
349 2572 467 2638 triginta
481 2572 648 2635 cohortium,
669 2589 730 2625 cum
753 2575 894 2640 equitibus
915 2590 983 2642 qua·

173 2634 331 2698 dringcntis
344 2645 373 2689 ct
384 2645 540 2707 sagittariis
553 2644 607 2692 Cla

225 2702 298 2754 Xlll.
317 2707 422 2760 Hostes
435 2712 683 2778 interim‚quorum
694 2713 749 2764 dux
761 2715 984 2776 enarrabimus,
1062 2763 1063 2770 ,
