2180 3140
169 189 223 250 m
383 191 440 246 DE
461 187 603 244 BELLO
622 186 756 244 civim

171 302 264 352 toruus
274 295 303 348 in
313 291 429 349 domiue
440 293 526 364 supra
536 293 870 362 etqueinirsconstituto,
880 283 983 345 treus·¹

171 365 250 422 ducit
259 367 421 420 exercitum.
448 365 534 418 Peuci
544 379 579 418 ex
591 363 635 415 his
645 363 791 427 militibus,
807 363 834 414 ri
846 362 972 414 fluminis

171 437 293 506 abrepti,
314 435 348 489 nb
360 437 485 506 equitatu
496 435 671 502 excipiuntur
681 449 714 485 uc
723 433 918 486 sublevantur:
930 433 972 483 in·

170 507 252 560 teriit
261 511 356 558 temen
370 519 462 558 nemo.
497 503 674 558 Transducto
689 503 821 556 incolumi
834 501 971 564 exercito,

172 578 266 646 copies
284 575 402 628 instruit
420 575 614 644 triplicemque
633 573 722 625 eciem
743 572 845 624 ducere
865 571 972 638 incipit.

78 689 84 700 .
170 649 211 701 Ac
221 650 331 697 tanturn
341 643 436 697 iuitin
446 645 581 698 militibus
592 643 692 705 studii,
710 648 750 705 ut,
768 643 877 694 milium
888 642 926 696 Vi
938 639 973 692 ed

172 716 229 768 iter
244 714 340 767 eddito
355 715 487 778 circuitu,
514 726 669 780 magnoque
684 711 836 764 edredum
851 710 974 763 iiusbinis

172 784 439 852 urorninterposits,
458 798 516 846 eos,
532 783 579 851 qui
590 781 625 832 de
635 781 830 849 tertiuvigiliu
840 782 974 844 exissent,

172 859 239 908 unte
251 851 414 906 norandini
427 867 529 904 nonem
541 856 789 918 consequerentur.

224 923 311 977 va.
330 922 408 985 Quos
427 921 476 972 ubi
496 919 628 973 dinanius
644 918 742 986 procui
755 921 832 973 visos
848 935 910 974 curn
924 920 975 972 Pe·

172 993 246 1046 treio
257 990 416 1058 conspexit,
443 1003 515 1041 nore
525 1003 556 1041 re
566 989 734 1057 perterritus
743 989 814 1044 locis
825 991 977 1059 superiori-

171 1063 225 1115 bus
240 1058 368 1112 constitit
384 1059 527 1130 sciensque
541 1058 666 1112 instruit.
703 1060 807 1114 Ceesnr
821 1061 850 1113 in
870 1062 976 1127 campis

173 1128 326 1184 exercitum
337 1126 438 1194 reiicit,
448 1143 483 1180 ne
494 1127 635 1182 defessum
646 1131 754 1197 proelio
765 1131 889 1184 obiiciat
907 1130 977 1180 Rur-

172 1213 221 1252 sus
242 1202 375 1250 conentes
395 1197 527 1268 progredi
543 1199 704 1269 insequitur
719 1206 748 1252 et
760 1206 893 1252 moretur.
928 1197 976 1249 iiii

171 1267 334 1322 necessario
345 1269 491 1331 maturius,
502 1283 583 1337 quern
596 1269 916 1332 constituerent'cestre
926 1283 976 1334 po·

172 1343 256 1390 nunt:
269 1336 404 1390 suberunt
415 1338 489 1390 eninr
500 1345 608 1392 montes
614 1339 836 1406 utquenmiiibus
842 1351 974 1404 passuum

191 1409 294 1528 uinque
309 1405 413 1458 itinere
429 1405 553 1462 diflicilia
563 1413 645 1475 etque
657 1407 778 1477 anguste
789 1407 975 1474 excipiebant.

202 1493 233 1530 os
256 1482 318 1528 utre
329 1481 439 1528 montes
450 1491 481 1530 se
492 1479 680 1545 recipiebant,
698 1484 729 1528 ut
740 1477 896 1545 equitatum·
905 1474 963 1528 effu

172 1545 427 1616 guentonensis,
450 1547 656 1616 praesidiisque
666 1550 696 1599 in
707 1547 845 1615 angustiis
856 1546 975 1598 colloce-
1076 1572 1077 1588 .

173 1617 219 1682 tis,
231 1616 383 1668 exercitum
394 1615 499 1670 itinere
509 1615 702 1683 prohiberent,
713 1617 767 1684 ipsi
778 1618 840 1669 sine
850 1615 974 1684 periculo
1076 1649 1077 1652 η

173 1699 206 1738 sc
220 1685 323 1737 timore
338 1683 449 1737 iberum
466 1687 561 1756 copies
577 1687 805 1739 transducerent:
836 1685 910 1754 quod
921 1683 975 1736 fuit

171 1753 230 1810 iliis
242 1751 397 1806 conandum
409 1760 491 1824 etque
502 1757 578 1808 omni
589 1757 698 1808 renone
709 1755 891 1808 efficiendum.
920 1753 975 1806 Sed

172 1823 261 1877 totius
272 1821 329 1875 diei
339 1837 434 1892 pugne
444 1830 527 1894 utque
538 1826 650 1877 itineris
660 1827 756 1877 isbore
767 1824 887 1887 defessi,
915 1839 973 1876 rem

172 1893 201 1944 in
222 1896 364 1960 posterum
386 1891 461 1946 diem
482 1895 661 1947 distulerunt.
698 1896 801 1946 cseser
820 1908 929 1962 quoque
944 1895 974 1944 iu

172 1960 585 2034 proximocoliecsstreponit.

225 2031 324 2086 vas.
342 2031 438 2084 Medis
453 2035 565 2086 circiter
579 2037 661 2087 nocte
676 2035 725 2098 iis,
756 2034 802 2102 qui
818 2031 975 2101 adaquandi

175 2115 275 2156 ceusss
285 2099 396 2172 longius
407 2104 530 2155 ecestris
545 2109 753 2170 processerant,
783 2105 818 2156 sb
833 2104 990 2173 equitibus»

175 2171 323 2240 correptis,
352 2174 384 2224 tit
393 2173 428 2225 sb
440 2171 483 2224 bis
493 2175 597 2225 certior
607 2173 723 2239 caesar,
753 2173 976 2226 ducessdrerse·

174 2243 280 2296 riorum
292 2241 404 2294 siientio
413 2243 509 2310 ‘copies
519 2243 618 2294 castris
628 2244 753 2298 educere.
781 2244 842 2306 uno
853 2244 976 2312 cognito,

174 2312 198 2363 si
220 2327 283 2364 nurn
296 2311 356 2364 duri
366 2311 488 2364 iubet-et
498 2327 564 2366 rese
577 2313 691 2367 militari
707 2327 784 2366 more
798 2313 975 2365 conclamari.

175 2381 200 2436 ii
211 2383 232 2446 i,
252 2381 384 2434 exaudito
396 2382 526 2448 clamore,
541 2384 633 2448 veriti,
648 2399 683 2436 ne
694 2389 777 2436 noctu
785 2383 912 2450 impediti
924 2381 984 2435 sub·

177 2465 262 2504 onere
275 2451 425 2520 confligere
435 2453 612 2524 cogerentur,
630 2459 679 2506 eut
688 2469 721 2505 ne
731 2454 765 2505 ub
776 2455 901 2522 equitatu
910 2452 976 2505 Cae·

177 2521 247 2572 seris
259 2521 287 2572 in
298 2522 433 2590 angustiis
444 2526 615 2584 tenerentur,
626 2526 682 2576 iter
690 2523 975 2591 supprirnnntcopics·

178 2601 232 2658 que
248 2590 275 2640 in
291 2591 390 2642 cestris
404 2593 554 2646 continent.
590 2591 708 2644 Postero
723 2593 767 2644 die
778 2593 903 2644 Petreius
913 2597 976 2643 curn

177 2657 272 2722 prucis
288 2671 302 2710 c
324 2658 425 2710 uitibus
440 2661 547 2713 occulte
560 2661 598 2712 'ed
609 2661 778 2729 explorando
793 2661 853 2713 loci
865 2659 982 2728 prend--

177 2725 271 2777 scitur.
324 2726 440 2780 ucidem
450 2730 781 2784 iitexcestrisCeessris.
810 2728 972 2783 Mittiturh
