2168 3134
157 289 160 294 ⁴
355 224 510 282 tinuit
544 223 615 281 vn.
837 225 889 280 rao

134 328 399 386 mutuatus
415 329 537 384 adversm
553 345 590 383 ex
604 329 698 384 colora
712 329 832 384 vestitus
843 345 888 382 co·

80 401 178 471 guito,
196 403 262 470 (quo
272 401 374 468 insigni
386 403 414 453 in
423 401 540 522 qroeliis
550 403 593 453 uti
604 402 810 464 consueverat)
831 406 889 452 tur·

78 473 193 538 nisque
208 472 334 539 equitum
349 477 380 522 et
391 486 424 522 co
445 471 553 524 ortibus
567 473 650 534 risis,
677 485 745 538 quas
763 471 890 538 sesequi

80 544 213 604 iusserat,
223 539 301 592 utdu
311 540 381 592 locis
391 541 582 610 superioribus
594 539 663 592 iraec
671 540 793 592 declivia
802 546 831 590 et
841 539 889 590 de·

80 625 156 664 vexa
184 610 383 674 cernebantur,
418 607 514 662 hostes
543 610 678 677 proelium
700 611 888 662 conrnsittunt.

82 681 231 748 Utrimque
247 679 368 732 clamore
385 679 512 744 sublato,
540 681 644 748 exeipit
659 695 756 731 rursus
767 678 888 732 exrailu

80 755 169 818 atque
179 750 306 802 (mnibus
316 751 515 802 munitionibus
525 749 639 802 clamor.
675 749 786 811 Nostri,
806 751 888 800 ensis·

80 821 122 871 sis
134 819 208 885 pitis,
232 818 334 886 gladiis
344 835 404 872 reus
415 824 528 888 gerunt.
563 821 690 886 Repente
702 826 764 886 post
773 815 888 888 tergunt

83 892 226 958 equitatus
246 890 381 942 cernitur:
408 887 540 942 cohortes
556 889 629 942 aliae
648 889 886 957 adpropinquant:

82 957 181 1012 hostes
192 964 272 1026 terga
280 964 404 1012 vertunt:
424 959 594 1028 fugientibus
606 961 714 1026 equites
724 965 887 1013 occurrunte

82 1031 117 1082 tit
126 1043 228 1096 magna
237 1028 346 1080 caedes.
383 1027 529 1093 Securius,
547 1029 887 1099 duxetprincepsLenio·

80 1101 189 1160 uicum,
207 1099 359 1150 conditur:
378 1097 606 1168 Vergasillanuus
618 1102 758 1152 Arvernus
767 1102 846 1154 rivus
857 1104 885 1152 in

82 1168 153 1237 fuga
171 1167 427 1234 comprehenditurr
460 1171 542 1238 signa
561 1170 697 1221 militaria
714 1169 831 1223 Lxxrv
851 1171 886 1222 ad

83 1239 235 1290 Gaesarem
245 1237 420 1290 referunturs
446 1241 526 1305 pauci
538 1253 572 1291 ex
583 1245 663 1292 tanto
674 1254 793 1290 numero
804 1255 835 1290 se
846 1242 887 1290 in·

82 1309 208 1361 columen
221 1309 251 1360 in
266 1313 358 1360 castra
372 1310 521 1376 recipiunt.
559 1308 718 1377 Conspicati
735 1323 770 1360 ex
785 1308 887 1374 oppidu
932 1311 934 1322 ⁴

82 1379 196 1432 caedem
207 1383 237 1430 et
247 1377 341 1446 fugans
352 1394 479 1442 suorum,
506 1377 656 1446 desperata
666 1378 771 1440 salute,
792 1378 887 1445 copias

83 1465 102 1501 a
112 1449 313 1504 munitionibus
328 1449 474 1501 reducunt.
510 1449 556 1500 Fit
571 1449 715 1515 protinus,
738 1445 790 1498 hae
799 1461 830 1498 re
840 1460 887 1500 au-

81 1519 157 1582 dita3
185 1535 219 1571 ax
234 1520 334 1570 castris
345 1519 490 1572 Gallorum
504 1516 580 1584 iuga.
616 1516 765 1579 Quodnisi
780 1516 886 1568 crebris
914 1541 932 1579 χ

82 1589 217 1640 subsidiis
232 1603 265 1641 ne
275 1589 363 1640 totius
375 1589 431 1640 diei
442 1588 539 1639 labore
551 1587 654 1639 milites
669 1591 764 1638 essent
773 1585 887 1649 defessi,

81 1673 181 1710 omnes
196 1657 319 1710 hostiurn
329 1660 427 1727 copiae
437 1657 526 1710 deleri
536 1657 705 1725 potuissent.
740 1655 888 1708 Demadis

81 1735 168 1780 nocte
178 1729 279 1780 missus
289 1729 432 1796 equitatus
442 1728 622 1779 novissimum
634 1741 733 1794 agmen
740 1728 887 1796 consequi·

72 1803 144 1849 ¹tur:
163 1813 281 1866 magnus
292 1813 424 1850 numerus
434 1799 544 1865 capitur
553 1803 638 1864 atque
647 1799 828 1864 interficitur,
844 1813 887 1850 rs·

81 1867 152 1938 liqui
163 1883 198 1920 ex
209 1867 277 1936 fuga
286 1869 314 1918 in
326 1869 453 1920 civitates
464 1867 619 1920 discedunt.

53 1971 55 1976 ,
134 1936 288 1990 Lxxxix.
308 1936 427 1990 Postero
449 1938 495 1989 die
515 1937 738 2008 Vercingetorix,
765 1937 886 1992 concilio

81 2013 249 2071 convocato,
277 2004 307 2058 id
321 2022 351 2060 se
361 2008 465 2060 bellurn
476 2009 631 2076 suscepisse
644 2025 702 2062 non
717 2023 828 2060 suarum
839 2023 886 2060 no-

81 2078 256 2140 cessitatum,
269 2076 319 2129 sed
331 2079 484 2129 eommunis
496 2077 637 2130 libertatis
648 2093 757 2141 caussa,
772 2078 885 2129 demon-

82 2152 170 2209 strat3
187 2152 217 2198 et
226 2149 358 2215 quoniam
367 2149 407 2199 sit
417 2147 548 2201 fortunae
560 2147 722 2209 cedendum,
737 2147 771 2198 ad
781 2153 886 2198 utraru-
905 2151 907 2158 ’

83 2233 139 2286 que
150 2232 210 2269 rens
219 2232 250 2270 se
261 2215 319 2268 iliis
331 2216 448 2280 offerre,
473 2232 524 2269 seu
533 2224 625 2269 nrorte
635 2231 687 2270 sua
698 2217 830 2268 Romanis
842 2231 884 2266 sn·

82 2285 225 2350 tisinum,
245 2301 295 2338 seu
305 2290 396 2339 virum
406 2287 554 2339 transdere
565 2287 661 2338 uelint
684 2286 839 2340 Mittuntur
850 2284 885 2336 nie

80 2355 126 2408 hia
142 2356 227 2408 rebus
243 2356 277 2408 ad
289 2358 435 2409 Caesarem
450 2355 547 2424 legati.
582 2358 665 2408 iubet
679 2354 885 2416 arnratrnnsdi‚

80 2426 224 2494 principes
242 2427 367 2493 produci.
405 2426 468 2495 lpse
488 2428 515 2476 in
537 2429 693 2479 munitione
713 2439 763 2490 pro
783 2425 885 2476 castris

80 2495 222 2549 consedit:
243 2511 276 2549 eo
288 2497 372 2550 duces
380 2496 581 2564 producuntur.
611 2495 885 2562 Vercingetorixdo·

81 2565 172 2629 ditur,
201 2567 479 2635 aruraproiiciuntur.
517 2565 676 2618 Reservatis
685 2564 789 2616 Aeduis
799 2571 884 2634 atquc

80 2636 227 2698 Arvernis,
246 2637 271 2688 si
281 2652 332 2704 per
342 2652 391 2689 eos
403 2637 532 2688 civitates
542 2649 710 2704 recuperare
721 2643 828 2702 posset,
849 2649 882 2687 et

82 2703 882 2776 reliquiscaptivistotoexercitucapitasingulaproedac

80 2777 192 2828 nomine
203 2775 357 2828 distribuit.
