2150 3124
207 175 243 234 ³4
414 172 471 227 DE
490 171 603 231 abbo
625 173 810 226 Garifflco

206 284 319 334 rent-et
336 277 456 346 desuper
474 277 660 330 vulnerarent.
696 276 786 338 (intrim
804 275 925 330 bostium
942 278 1019 330 acles

205 365 223 408 a
237 349 349 400 sinistro
366 363 453 398 cornu
463 347 543 414 pulsa
553 353 636 414 atquc
647 347 676 396 in
687 345 781 412 lugam
792 360 925 399 conversa
934 356 1017 412 essct,

206 434 224 478 a
238 419 339 472 dextro
353 433 438 470 cornu
453 415 631 470 vehementer
644 415 824 468 multitudine
838 432 952 469 suorum
968 434 1017 470 no.

205 493 293 542 atram
313 489 399 542 aciem
419 488 589 554 premebant.
626 485 656 540 la
678 487 1017 554 quamanimadvertisset

205 558 236 616 P.
253 559 368 610 Crassus
383 557 559 620 adolescens,
581 558 627 624 qui
643 557 769 623 equitatu
779 564 920 622 praeerat,
940 557 1015 625 quod

207 627 365 695 expeditior
381 633 455 691 erat,
472 642 557 695 quam
569 623 609 688 bi,
629 627 676 692 qui
689 628 763 678 inter
773 626 859 678 aciem
869 627 1016 678 versaban-

207 699 376 761 tur‚tertiam
388 699 475 752 aciem
487 697 676 748 laborantibus
686 697 789 746 nostris
799 696 921 749 subsidio
932 697 1014 747 arisit.

261 767 334 820 Llll.
370 767 560 834 ltaproelium
573 767 735 818 restitutum
751 772 806 828 est,
822 772 906 834 atque
920 781 1016 816 oannes

209 835 305 889 hostes
319 842 400 904 terga
413 840 568 898 verterunt,
597 851 686 903 neque
701 837 778 902 prius
792 835 890 904 fugere
905 836 1018 889 destite-

209 914 289 970 runt,
309 921 392 974 qaam
408 906 445 958 ad
457 904 559 958 flumen
570 902 695 956 Rhenum
711 905 788 972 milia
799 921 928 972 passuum
939 920 972 957 en
983 921 1017 956 eo

209 976 273 1030 loeo
290 975 815 1042 circiterquinquagintaperrenerunt.
852 976 892 1028 lbi
904 991 1019 1042 perpau-

211 1046 236 1100 ci
251 1051 302 1096 ant
314 1045 418 1096 viribus
434 1045 531 1096 conlisi
545 1049 722 1098 transnatare
733 1046 949 1108 contenderunt,
970 1050 1020 1094 aut

209 1114 341 1168 lintribus
364 1115 483 1170 inventis
506 1114 557 1166 sibi
577 1113 695 1165 salutem
715 1121 889 1181 repererunt.
926 1116 955 1165 ln
977 1112 1020 1164 bia

209 1184 265 1238 fuit
278 1185 449 1247 Ariovistus,
467 1183 527 1252 qui,
547 1183 702 1236 traviculam
718 1184 867 1254 deligatam
883 1185 919 1236 ad
929 1187 1019 1251 ripam

209 1260 322 1316 nactus,
343 1269 378 1308 ea
394 1253 531 1321 profugite
550 1253 672 1322 reliquos
688 1267 784 1308 omnes
794 1256 935 1307 consecuti
946 1253 1021 1322 equi·

210 1331 255 1380 tes
282 1325 373 1376 nostri
401 1325 610 1380 iuterfecerunt.
646 1324 727 1376 Duae
753 1323 868 1376 luerunt
890 1324 1019 1376 Ariovisti

210 1409 327 1458 sueres,
347 1409 403 1446 una
414 1393 505 1447 Saeva
524 1395 650 1456 natione,
670 1409 751 1462 quam
773 1397 807 1446 ab
828 1395 1018 1446 damosacum

211 1465 361 1529 eduxerat3
373 1463 462 1518 alteru
472 1463 587 1525 Ninica,
607 1465 680 1530 regis
691 1465 926 1527 Vocionissoror,
936 1476 1017 1531 quam
1062 1481 1063 1504 1

209 1536 240 1586 in
252 1535 345 1587 Gallia
360 1534 491 1596 duxerat,
512 1549 529 1584 a
543 1533 630 1586 fratre
646 1535 769 1584 missam:
790 1539 925 1602 utraeque
941 1535 969 1583 in
985 1547 1018 1582 ea

211 1604 280 1672 fuga
290 1606 450 1673 perierunt
478 1604 558 1654 Duae
568 1603 643 1654 tiliae
654 1601 760 1666 barum,
770 1605 859 1655 altera
870 1603 968 1664 occisa
979 1601 1018 1651 al·

210 1683 273 1727 tera
283 1680 365 1741 capta
375 1680 424 1726 est.
462 1673 491 1729 C.
501 1672 631 1725 Valerius
642 1671 794 1735 Procillus,
805 1687 888 1740 quum
900 1688 917 1722 a
927 1677 1018 1722 cust«)-

212 1744 293 1796 dibus
313 1745 341 1794 in
361 1741 428 1809 fuga
445 1743 527 1792 trinis
547 1742 652 1792 catenis
671 1743 778 1791 rinctus
797 1740 969 1803 traheretur,
989 1741 1018 1791 in

211 1815 304 1878 ipsum
315 1813 475 1872 Caesarem,
487 1809 574 1862 bostis
585 1811 711 1878 equitatu
721 1817 944 1877 persequentem,
954 1811 1019 1860 inci-

212 1882 261 1933 dit.
298 1882 377 1943 Quae
391 1880 501 1947 quidem
517 1894 563 1932 res
574 1881 686 1930 Caesari
703 1895 756 1930 non
767 1875 916 1942 minorem,
935 1895 1018 1948 quam

210 1952 274 2017 ipsa
281 1950 411 2013 victoria,
422 1949 593 2014 voluptatem
605 1949 723 2014 adtulit,
736 1949 810 2018 quiid
821 1947 959 2002 hominem
971 1947 1019 2000 ho·

210 2021 397 2072 nestinimmn
412 2021 570 2086 provinciae
581 2019 704 2081 Galliae,
723 2035 804 2072 suum
816 2019 979 2072 familiarem
991 2025 1020 2071 et

210 2087 365 2156 hospitem,
385 2094 510 2156 ereptum
527 2090 678 2140 strionibus
692 2087 825 2153 hostium,
846 2092 897 2142 sibi
908 2091 1019 2142 restitu-

211 2166 272 2212 tum
281 2158 407 2222 videbat,
421 2173 511 2226 neque
522 2161 582 2210 eius
591 2159 750 2212 calamitate
761 2161 885 2213 detenta
894 2161 1021 2227 volupta-

212 2235 242 2282 te
253 2235 282 2282 et
291 2227 479 2298 gratulatione
491 2229 638 2296 quidquam
650 2228 761 2280 fortuna
772 2231 954 2283 deminuet-at.
985 2231 1019 2292 ls,

212 2315 244 2354 aa
258 2305 416 2366 praesente,
444 2298 479 2350 cle
494 2313 524 2350 se
537 2303 582 2349 ter·
596 2299 716 2352 sortibus
727 2300 887 2351 consultum
903 2300 1021 2362 (licebat,

213 2375 309 2422 utrum
323 2370 383 2437 igni
397 2369 492 2420 statim
507 2373 668 2432 necaretur,
683 2383 719 2420 an
734 2371 761 2420 in
773 2370 849 2422 aliud
859 2375 967 2437 tempus
978 2383 1020 2420 re·

215 2445 384 2493 sanaretur:
419 2441 535 2490 aurbum
559 2439 693 2491 beneficio
717 2455 747 2492 se
766 2456 827 2493 esse
845 2441 1018 2492 incolumem.

213 2509 285 2564 rtem
295 2509 334 2561 Μ.
344 2509 461 2562 Mettius
470 2513 598 2575 repertus
609 2515 638 2560 et
646 2509 682 2560 ad
694 2525 755 2562 eum
766 2510 898 2564 reductus
910 2515 959 2562 est.

267 2578 341 2634 le.
377 2579 441 2632 Hoc
455 2580 562 2647 proelio
573 2585 652 2632 trans
662 2577 787 2632 libanum
798 2581 941 2640 nunciato,
955 2576 1019 2630 Sue·

215 2650 256 2713 si,
276 2652 323 2718 qni
333 2649 368 2702 all
377 2653 453 2717 ripas
465 2649 707 2712 immiscuerunt,
727 2651 838 2702 donnum
850 2649 950 2702 reverti
961 2663 1020 2700 eoe-

216 2726 329 2787 perunt:
354 2736 424 2788 quos
444 2721 518 2783 libii,
540 2721 586 2786 qui
605 2723 720 2783 proximi
744 2721 867 2773 ahenum
887 2719 1019 2772 incolunt.
