2134 3148
337 187 587 239 arnrosn'o,
680 196 684 206 ·
815 161 880 238 lm

122 291 228 346 erXll.
248 289 353 354 Quibus
364 303 399 339 ex
411 289 492 341 rebus
504 290 605 340 Caesar
612 288 869 341 rabamontercom.

77 365 242 424 movebatur3
273 359 354 426 quia,
385 357 576 430 quodcumque
600 359 735 425 proelium
758 359 868 425 quoties

77 439 132 486 erat
143 432 326 490 commissum,
340 431 467 495 equitatu
477 443 528 480 suo
539 430 600 480 sine
613 429 767 498 legionario
779 427 869 480 milite

77 500 189 553 hostiurn
212 498 349 565 equitatui
372 497 480 566 levique
501 504 660 549 armaturae
681 512 775 548 eorrrm
792 497 869 548 nullo

77 570 151 622 modo
162 579 281 636 paresne
292 572 412 634 poterat.
449 566 659 619 Sollicitabatur
670 572 765 618 autem
774 564 817 616 lais
829 581 872 617 re·

77 643 131 702 bus,
150 637 223 706 quod
235 637 355 688 nondum
368 635 488 688 hostium
501 637 625 706 legiones
638 639 828 704 cognoverat,
842 641 871 687 et

76 724 189 778 quonam
201 706 282 758 modo
294 707 432 758 sustinere
442 722 472 758 se
484 713 579 774 posset
590 707 624 758 ab
636 722 732 758 eorum
744 707 870 773 equitata

77 781 179 846 levique
199 783 356 838 armatura,
385 787 457 844 quae
474 782 536 828 erat
549 775 676 840 mirifica,
704 779 730 827 si
745 774 871 842 legiones

77 863 179 918 qnoque
194 849 387 914 accessissent.
421 845 576 898 Accedebat
586 848 671 898 etiam
683 844 753 897 haec
763 854 871 908 caussa,

76 917 146 986 quod
166 915 377 984 elephantorum
398 915 560 984 magnitudo
581 916 787 983 multitudoque
802 914 872 964 mili-

75 995 130 1038 tum
141 988 248 1038 animos
261 985 405 1036 detinebat
415 987 442 1035 in
455 991 576 1038 terrore:
610 987 653 1036 coi
664 987 710 1038 uni
725 986 766 1036 rei
778 989 871 1036 tamen
936 1009 938 1014 v

74 1049 217 1107 'invenerat
233 1055 392 1106 remedium.
427 1054 553 1122 Namque
569 1054 733 1122 elephantos
744 1069 779 1106 ex
790 1054 872 1106 ltalia

76 1126 255 1191 transportant
270 1125 406 1187 iusserat,
434 1137 489 1191 quo
504 1131 534 1176 et
544 1125 624 1176 miles
636 1131 730 1176 noster
739 1125 871 1191 speeiem

76 1212 127 1265 que
139 1202 167 1246 et
176 1198 305 1245 virtutem
317 1194 423 1245 bestiae
435 1200 620 1262 cognosceret
635 1202 663 1246 et
674 1196 717 1245 cni
730 1195 801 1261 parti
811 1207 872 1242 corn·

75 1267 148 1334 poris
159 1267 218 1316 eins
230 1263 316 1314 telum
332 1262 414 1314 facile
431 1264 506 1333 adigi
521 1270 628 1330 posset3
660 1269 874 1328 ornatusqneac

77 1337 206 1386 loricatus
217 1348 300 1400 quum
309 1338 387 1388 esset
397 1331 570 1400 elephantus,
586 1347 658 1401 qnae
671 1332 802 1400 perseius
813 1345 874 1381 cor·

76 1407 148 1473 poris
162 1404 236 1455 raudo
251 1403 310 1454 sine
325 1401 447 1469 tegmine
464 1403 682 1470 relinqueretur,
713 1405 746 1453 ut
766 1415 799 1452 eo
815 1401 874 1451 tela

75 1469 298 1536 coniicerentur5
332 1477 502 1538 praeterea,
526 1477 558 1538 ut
577 1475 701 1524 iumenta
721 1471 873 1522 bestiarum

73 1545 200 1604 odorem,
229 1541 394 1605 stridorem,
419 1542 553 1607 speciem,
580 1539 875 1606 cousuetudineeapta
917 1557 919 1562 ·

73 1630 127 1665 non
147 1611 374 1665 reformidarent.
411 1610 516 1673 Quibus
532 1623 566 1662 ex
580 1611 665 1662 rebus
684 1610 801 1677 largiter
812 1615 875 1660 erut

73 1688 250 1736 consecutus:
281 1695 344 1730 nam
358 1687 386 1730 et
396 1681 499 1731 milites
509 1681 614 1732 bestias
631 1680 874 1746 nranibnspertrav

73 1755 188 1805 stabant
198 1765 348 1817 earumque
361 1751 520 1801 tarditatem
532 1750 744 1818 cognoscebant,
756 1749 875 1816 equites·

72 1839 125 1891 que
136 1824 163 1873 in
177 1826 224 1873 eos
235 1821 292 1888 pila
303 1820 459 1888 praepilata
470 1821 668 1883 coniiciebaut3
679 1825 762 1887 atque
772 1820 800 1868 in
811 1833 876 1870 con·

71 1891 245 1945 suetudinem
259 1903 343 1958 equos
354 1891 489 1957 patientia
499 1891 650 1942 bestiarum
662 1889 824 1941 adduxerat.

124 1961 249 2014 LXXlll.
270 1961 312 2011 Ob
323 1957 373 2010 lias
389 1975 514 2022 caussas,
536 1975 604 2028 quas
614 1975 700 2026 supra
711 1971 874 2009 commemo·

72 2034 139 2094 rari,
159 2028 363 2082 sollicitabatur
375 2030 484 2092 Caesar,
504 2031 667 2098 tardiorque
679 2034 708 2080 et
719 2027 875 2078 consideras

71 2104 128 2153 tior
139 2107 200 2152 erat
216 2099 307 2150 faetus
323 2104 351 2149 et
363 2113 398 2149 ex
408 2101 525 2166 pristina
538 2098 662 2150 bellandi
674 2096 875 2151 consuetudine

70 2169 448 2234 coleritatequeexcesserat.
482 2169 541 2220 Nec
551 2171 662 2220 mirum.
691 2167 789 2233 Copias
800 2166 874 2216 enirn
900 2193 902 2196 ·

70 2239 193 2291 babebat
210 2239 238 2288 in
252 2236 344 2288 Gallia
355 2237 461 2288 bellare
477 2244 624 2289 consuetas
635 2238 703 2288 locis
714 2235 873 2300 campestri-

69 2311 123 2363 bus
140 2315 169 2362 et
185 2312 282 2359 contra
293 2305 404 2369 Gallos,
435 2303 561 2358 homines
576 2312 686 2374 apertus
705 2307 873 2371 minimeque

67 2379 236 2439 insidiosos,
256 2375 305 2443 qni
316 2390 365 2441 per
375 2378 516 2440 virtutem,
537 2392 591 2427 non
602 2391 652 2444 per
667 2375 774 2438 dolum,
794 2374 872 2425 dimi·

68 2465 137 2501 care
150 2448 328 2499 consuerunt:
351 2450 410 2496 tum
421 2455 514 2496 autem
527 2452 588 2498 erat
599 2447 623 2497 ei
635 2444 826 2507 laborandum,
841 2447 874 2494 ut

67 2517 285 2570 consuefaceret
295 2515 413 2579 milites,
434 2514 554 2567 bostlum
571 2515 663 2578 dolos,
682 2513 812 2576 insidias,
831 2527 875 2564 ar·

66 2589 159 2640 tilicia
169 2597 336 2654 cognoscere
348 2591 389 2647 et,
412 2584 477 2654 quid
488 2588 566 2654 sequi
571 2623 580 2650 ‚
600 2585 665 2654 quid
674 2585 763 2636 vitare
775 2597 875 2634 conre-

66 2660 155 2711 niret.
191 2657 299 2723 ltaque,
313 2670 368 2722 quo
379 2651 448 2708 haec
459 2656 576 2708 celerius
587 2656 772 2724 conciperent,
789 2652 875 2704 dabat

67 2739 195 2800 operam,
214 2731 247 2779 ut
256 2725 379 2793 legiones
391 2741 444 2778 non
456 2728 483 2778 in
495 2739 550 2780 uno
562 2725 623 2780 ioco
636 2727 802 2786 contineret,
822 2721 871 2776 sed
