2124 3154
173 189 227 244 494
450 191 511 242 DE
538 188 702 244 BELLO
749 193 753 202 '

172 295 223 347 iila
233 293 347 361 planitie
358 293 511 362 equitatum
522 299 645 356 ornaret,
665 298 696 346 et
705 293 759 346 diei
770 295 893 362 soiisque
901 307 980 346 sere·

173 365 263 428 nitas;
279 369 312 415 ut
327 365 473 415 mirificum
489 369 519 415 ct
534 362 686 430 optandum
706 371 815 431 tempus
835 378 922 431 prope
941 363 978 414 ab

173 434 227 485 diis
240 431 445 484 immortalibus
464 433 537 484 iilud
557 435 690 484 tributum
707 440 780 485 esset
789 434 824 485 ad
840 433 980 499 proelium

174 502 413 554 committendum.
449 501 549 555 Nostri
568 503 677 564 laetari,
698 503 827 554 nonnulli
846 505 931 555 etiam
946 503 982 552 ti-

173 587 266 636 mere,
286 571 359 640 quod
370 573 398 622 in
410 587 474 623 cum
484 573 574 624 iocum
590 587 636 623 res
652 573 837 640 iortrrnaeque
854 571 982 623 omniurn

175 641 389 704 deducerentur,
399 646 440 704 ut,
451 641 586 710 quidquid
595 648 660 707 pont
671 641 767 693 horam
776 657 857 694 casum
869 641 982 692 tribuis·

175 718 228 774 set,
247 712 277 762 in
297 711 381 762 dubio
399 717 559 777 poneretur.
593 712 791 778 ltaquenostri
803 711 837 762 ad
848 711 982 761 dimican-

177 780 242 832 dum
252 779 419 846 procedunt,
439 780 470 832 id
480 781 554 847 quod
569 780 984 833 adversariosexistimabamus

177 865 240 902 ease
259 849 399 912 facturos3
417 851 465 916 qni
484 859 579 904 tamen
590 865 608 900 a
622 851 777 904 munitione
798 849 893 916 oppidi
912 849 986 900 mile

176 919 304 987 passibus
312 919 422 986 longius
433 934 489 971 non
500 920 641 972 audebant
651 919 813 986 procedere:
823 921 852 970 in
860 932 919 986 ,quo
930 918 985 970 sibi

176 1002 265 1055 prope
275 1002 384 1039 murum
396 987 548 1040 adversami
559 989 752 1057 proeliandum
764 989 983 1042 consumebant.

175 1057 273 1124 ltaque
285 1057 374 1108 nostri
386 1057 548 1122 procedunt
578 1059 721 1110 interdum
733 1060 858 1126 aequitas
868 1057 923 1109 ioci
935 1057 983 1108 ad·

175 1127 315 1178 versarier
336 1124 518 1194 efflagitabat,
538 1133 570 1179 ut
582 1129 634 1180 tali
653 1128 812 1180 conditione
833 1125 984 1180 contende-

177 1201 244 1264 rent
259 1195 294 1246 ad
309 1197 466 1248 victoriam:
486 1212 576 1263 neque
591 1198 738 1250 tamenilli
750 1213 767 1248 a
777 1212 827 1250 sna
837 1205 985 1248 consuetu·

177 1265 243 1316 dine
255 1265 435 1327 decedebant,
450 1271 482 1316 ut
492 1274 542 1318 aut
551 1267 586 1318 ab
598 1267 707 1321 excelso
718 1269 788 1328 ioco,
799 1272 849 1318 ant
859 1267 893 1318 ab
904 1266 983 1332 oppi-

177 1333 215 1386 do
232 1335 417 1387 discederent„
453 1335 553 1387 Nostri
565 1336 636 1402 pede
650 1352 748 1404 presso
764 1337 878 1404 propius
893 1337 982 1386 rivum

175 1419 262 1470 quum
276 1404 557 1472 adpropinquassent,
577 1407 729 1458 adversarii
738 1405 909 1472 patrocinari
918 1403 982 1457 locu

175 1473 273 1542 iniquo
285 1489 340 1526 non
351 1473 491 1526 desinunt·

230 1542 317 1594 XXX.
335 1543 405 1595 Erat
416 1546 489 1595 acies
498 1544 563 1596 Xiil
575 1547 675 1612 aquilia
686 1547 846 1606 constituta,
859 1558 933 1612 quae
944 1544 985 1595 la·

176 1613 284 1664 teribus
296 1614 421 1680 equitatu
432 1616 586 1681 tegebatur,
608 1630 668 1666 cunr
684 1615 737 1666 leri
755 1619 898 1666 armatura
910 1614 983 1664 miii·

177 1681 230 1732 bus
241 1696 303 1740 sex:
323 1689 471 1749 praeterea
488 1685 643 1736 auxiliares
657 1685 824 1736 accedebant
841 1697 926 1750 prope
943 1683 983 1734 ai-

176 1755 268 1802 terum
280 1754 399 1801 tantum.
435 1751 539 1803 Nostra
553 1753 693 1818 praesidia
703 1753 808 1805 LXXX
818 1751 983 1804 cohortibus

176 1823 207 1869 et
216 1819 282 1871 viii
292 1819 403 1870 milibus
413 1821 547 1887 equitum.
582 1823 634 1885 lta,
655 1838 738 1890 quum
751 1825 778 1873 in
791 1829 916 1874 extrema
925 1822 983 1888 pla·
1047 1847 1048 1866 1

176 1888 244 1939 nitie
255 1888 379 1954 iniquum
391 1889 420 1937 in
432 1888 524 1939 locum
535 1895 624 1944 nostri
636 1891 917 1959 adpropinquassent,
935 1906 984 1959 pa·

176 1963 255 2008 ratus
277 1955 364 2008 hostis
386 1963 448 2008 erat
468 1962 608 2024 superior,
629 1967 661 2012 ut
675 1961 836 2014 transeundi
854 1961 983 2025 superius

176 2028 232 2078 iter
251 2024 430 2078 vehementer
450 2035 524 2080 esset
543 2031 742 2095 periculosum.
773 2029 854 2093 Quod
868 2045 986 2097 quauta

177 2097 297 2148 Caesare
310 2111 386 2147 essct
402 2098 638 2162 animadversum,
660 2115 694 2151 ne
705 2099 770 2167 quid
782 2105 888 2150 temere
899 2099 986 2166 culpa

176 2181 229 2217 sua
239 2181 319 2217 secus
331 2165 539 2230 admitteretur,
559 2183 622 2220 eum
638 2169 731 2221 iocum
747 2167 863 2221 definire
880 2171 981 2234 coepit.

176 2235 256 2296 Quod
268 2251 350 2303 quum
363 2233 504 2286 hominum
516 2239 629 2289 auribus
639 2245 714 2292 esset
724 2239 872 2301 obiectum,
893 2238 982 2289 mele-

174 2315 218 2356 ste
238 2313 267 2356 et
287 2304 387 2357 acerbe
409 2307 592 2373 accipiebant,
614 2323 645 2366 se
660 2307 799 2374 impediri,
820 2323 875 2374 quo
890 2307 983 2358 minus

175 2375 312 2439 proelium
324 2373 461 2426 conficere
472 2383 594 2441 possent.
629 2376 709 2429 Haeo
719 2393 796 2430 mora
806 2377 983 2428 adversarios

175 2443 325 2494 alacriores
338 2443 484 2507 efficiebat,
496 2446 621 2497 Caesaris
633 2447 725 2514 copias
736 2447 836 2498 timore
849 2446 982 2512 impediri

174 2511 209 2560 ati
221 2512 450 2564 committendum
462 2515 606 2580 proelium.
624 2513 709 2568 ltase
720 2515 869 2568 efferentes
879 2516 979 2582 iniquo

172 2576 244 2639 loro,
256 2579 298 2628 sui
311 2585 478 2644 potestatem
489 2582 638 2647 faciebant,
649 2591 680 2636 ut
690 2601 791 2654 magno
800 2593 894 2638 taurea
905 2586 981 2652 peri·

173 2644 236 2696 culo
248 2659 373 2698 accessus
385 2663 480 2701 eorum
493 2649 650 2704 haberetur.
675 2654 729 2706 Hic
740 2655 885 2708 decumani
895 2670 980 2706 suum

172 2709 271 2773 locum,
288 2728 376 2766 cornu
386 2717 525 2784 dextrum,
536 2722 678 2787 tenebant,
696 2725 839 2778 sinistrum
850 2726 938 2778 tertia
949 2731 980 2778 et
