2152 3144
288 138 290 140 ’
360 159 510 214 urraca
538 161 595 216 111.
829 159 881 216 aaa

69 263 151 338 prius
161 278 188 314 re
199 261 301 326 cortice
316 279 350 316 ex
369 262 511 315 arboribus
527 262 657 328 victuros,
676 277 756 329 quum
766 262 883 333 Pompt-

72 333 130 390 t'um
141 350 155 384 e
165 331 289 386 erunibus
299 331 464 386 dimissuros.
501 333 636 386 Libenter
646 335 731 386 etiam
744 348 779 386 ex
789 332 883 401 perfu-

35 458 38 464 ,
73 407 118 474 gis
129 403 343 472 cognoscebant,
364 417 449 471 equos
463 418 560 456 eorum
570 405 616 456 vix
625 403 755 466 tolerari,
773 404 882 472 reliqua

74 489 141 528 vero
163 477 288 526 iumenta
307 473 453 537 interisse;
472 475 513 526 uti
528 479 621 525 autem
637 475 713 540 ipsos
722 473 882 530 valetudine

73 560 130 598 non
140 543 224 608 bona,
236 559 319 612 quum
331 545 465 611 angustiis
477 543 543 606 loci,
555 551 584 597 ct
594 544 679 596 odore
689 548 764 595 tetro
773 543 884 596 exmul·

73 613 197 667 titudine
209 613 384 675 cadaverum,
395 618 423 666 et
432 613 602 681 quotidianis
612 613 770 677 laboribus,
790 613 885 665 insue-

74 691 122 738 tos
132 697 257 752 operum,
275 689 334 734 tum
345 698 435 751 aquae
445 699 554 736 sanrma
561 683 655 750 inopia
666 679 809 736 adfectos:¹
828 697 885 734 om·

76 755 125 806 nia
145 755 220 805 enim
239 751 353 805 flumina
373 759 458 822 atque
474 769 571 808 omnes
589 755 680 818 rivos,
701 753 748 822 qui
761 753 795 804 ad
807 767 885 804 mare

76 823 264 892 pertinebant,
276 825 378 876 caesar
388 828 437 874 aut
448 828 598 886 averterat,
614 829 664 874 aut
673 824 782 890 magnis
794 823 885 890 operi·

76 893 129 947 bus
140 893 332 945 obstruxerat.
367 896 465 962 Atque,
486 899 519 946 ut
530 899 611 945 erant
621 893 684 946 loca
694 899 844 946 montuosa
856 897 887 945 et

78 963 114 1015 ad
126 978 225 1030 specus
236 964 382 1031 arrgustiae
402 963 526 1028 vallium,
545 962 723 1017 hanublicis
738 965 886 1016 interram

78 1033 207 1086 demissis
233 1039 429 1100 praesepserat
453 1040 613 1102 terramque
638 1033 821 1102 adgesserat,
853 1037 887 1100 ut

77 1117 178 1170 aquam
190 1105 377 1155 continerent
402 1102 501 1172 ltaque
511 1102 553 1155 illi
564 1106 721 1158 necessario
733 1103 795 1156 loca
805 1103 887 1172 sequi

78 1172 202 1225 demissa
220 1187 252 1224 ac
272 1172 407 1240 palustria
422 1179 452 1225 et
467 1180 565 1242 puteos
584 1173 684 1228 fodere
700 1175 886 1242 cogebantur:

79 1250 165 1311 atque
176 1241 249 1295 bunc
260 1243 385 1294 laborem
396 1243 431 1296 ad
443 1244 605 1313 quotidiana
625 1257 713 1310 opera
734 1243 887 1297 addebant:

79 1315 126 1382 qui
137 1319 232 1364 tamam
243 1312 336 1364 fontes
346 1329 363 1364 a
371 1313 534 1381 quibusdam
544 1313 690 1381 praesidiis
700 1313 818 1366 aberant
829 1311 888 1364 lou·

79 1384 142 1450 gius
153 1387 182 1434 et
194 1383 324 1434 celeriter
333 1384 457 1434 aestibus
468 1377 679 1436 excrescebant.
714 1385 750 1437 nt
761 1383 891 1447 Caesaris

80 1454 221 1505 exercitus
237 1453 341 1519 optima
356 1453 516 1504 valetudine
531 1467 694 1520 summaque
708 1467 797 1520 aquae
809 1453 889 1516 copia

80 1523 229 1586 utebatur;
251 1529 310 1574 tum
322 1530 492 1574 commeatus
504 1523 578 1574 omni
593 1537 697 1588 genere
706 1528 819 1590 practer
830 1520 889 1572 iru-

81 1598 205 1644 mcntum
220 1592 393 1645 abundabat:
412 1591 511 1661 quibus
532 1591 656 1660 qnotidie
677 1591 777 1645 melius
796 1605 889 1654 succe·

82 1661 150 1714 dere
160 1667 279 1729 tempus,
301 1663 490 1731 rrraioremque
501 1678 579 1736 spem
591 1662 753 1716 maturitate
765 1661 889 1716 frumeu-

81 1741 173 1786 torum
185 1733 302 1800 proponi
313 1733 455 1786 videbant
768 1795 771 1804 .

134 1802 167 1854 L.
186 1803 218 1855 ln
229 1818 300 1854 noro
310 1817 413 1872 genere
425 1801 491 1856 belli
504 1816 592 1855 norae
603 1800 637 1854 ab
648 1801 776 1872 utrisque
784 1799 889 1854 belloa-

82 1871 250 1926 di'rationes
266 1875 489 1940 reperiebantur.
526 1873 582 1936 lili,
603 1889 686 1942 quum
708 1871 889 1941 animumad-

81 1944 234 1996 rertissent
245 1957 280 1995 ex
290 1943 408 2012 ignibus,
429 1948 511 1996 nocte
522 1941 652 1994 cohortes
662 1948 775 1996 nostras
785 1942 821 1994 ad
830 1959 890 1994 mu·

81 2015 203 2066 nitiones
215 2014 370 2078 excubare,
389 2013 503 2065 silentio
514 2013 643 2081 adgressi
653 2015 800 2065 universas
814 2014 890 2066 intra

81 2083 289 2134 multitudinem
311 2085 428 2151 sagittas
449 2083 634 2135 coniiciebant
649 2088 722 2134 etse
738 2081 889 2152 confestim

82 2150 117 2203 ad
129 2167 196 2204 suos
208 2154 390 2219 recipiebant.
417 2153 524 2213 Quibus
535 2153 619 2204 rebus
630 2153 728 2215 nostri,
740 2168 793 2203 usu
805 2151 890 2214 docti,

82 2219 151 2272 baec
161 2219 340 2288 reperiebant
348 2222 518 2284 remedia,ut
526 2222 583 2273 alio
593 2222 655 2274 loco
667 2223 745 2290 ignes
754 2221 888 2283 facerent,

82 2289 152 2362 [alio
166 2289 360 2359 excubarent}
372 2293 385 2320 *
395 2295 408 2320 *
418 2295 431 2319 *
812 2289 814 2294 '

133 2359 180 2414 LI.
198 2362 313 2414 interim
326 2361 430 2412 certior
444 2357 536 2412 factus
546 2359 577 2412 P.
588 2357 682 2424 Sulla,
702 2375 784 2429 quem
803 2358 890 2414 disee·

83 2429 152 2482 dens
163 2432 262 2482 castris
279 2429 455 2497 praefecerat
467 2429 583 2492 Caesar,
604 2431 708 2483 auxilio
721 2427 830 2482 cohorti
845 2445 889 2484 re·

83 2501 197 2552 niteam
209 2497 367 2569 legionibus
379 2498 495 2562 duabus,
507 2499 584 2551 cuius
597 2499 717 2552 adventu
728 2499 811 2552 facile
822 2506 898 2558 sunt.

82 2571 185 2638 repulsi
196 2570 363 2639 Pompeiani.
400 2569 496 2639 Neque
511 2584 576 2622 vero
593 2576 769 2638 conspectum
779 2577 827 2623 aut
838 2572 887 2624 iru-

83 2649 175 2708 petum
191 2647 349 2694 nostrorum
363 2640 504 2704 tulerunt3
522 2642 677 2710 primisque
685 2641 809 2704 deiectis,
821 2637 885 2696 reli·

83 2713 126 2776 nni
137 2726 169 2762 re
179 2717 324 2796 verterunt
335 2716 364 2764 et
373 2711 436 2764 loco
449 2717 601 2764 cesserunt.
638 2709 692 2764 Sed
703 2707 883 2769 insenuentor
