2134 3148
186 191 239 244 422
377 192 564 244 A.'lllll'l'll
587 191 640 242 DE
662 190 801 245 BELLO

186 293 372 360 errabundae,
383 295 496 350 diversa
505 298 568 348 loca
579 297 729 362 petierunt.
759 296 892 362 Clupeam
906 299 997 351 classe

185 364 421 434 praetervehitur‚
432 366 533 418 deinde
545 365 703 432 Neapolim:
717 367 860 432 complura
871 377 994 434 praeter-

182 451 220 500 ,ca
231 435 347 488 castella
358 443 388 488 et
399 437 500 502 oppida
511 449 565 486 non
576 436 660 503 longe
672 451 688 486 a
700 438 769 486 orari
780 436 922 504 relinquit.

183 567 184 572 ¹
239 506 286 559 lll.
307 506 456 572 Postquam
472 506 655 558 Adrumctum
678 507 802 568 accessit,
824 507 872 558 ubi
892 511 998 573 praesi-

185 577 260 628 dium
275 583 338 646 erat
349 576 580 638 adversariorum,
600 575 646 626 eui
657 583 786 642 praeerat
795 577 824 627 C.
837 576 997 642 Considius,

185 655 229 710 et,
251 662 267 697 a
279 648 389 714 Clupeis
401 645 553 704 secundum
570 659 649 696 oram
664 647 832 697 maritimam
843 661 905 696 cum
918 649 996 714 equi-

186 723 247 768 tatu
258 717 418 779 Adrumeti‚
440 717 488 767 Cn.
499 715 563 766 Piso
580 731 642 766 cum
653 715 761 766 Mauris
777 717 888 767 circiter
904 717 994 772 tribus

185 787 299 838 milibus
311 787 454 853 adparuit:
472 787 510 836 ibi
527 785 677 853 paullisper
689 785 792 836 Caesar
802 793 868 836 ante
882 794 993 852 portion

187 863 382 917 morereretur,
394 857 458 906 dum
472 855 595 921 reliquae
607 869 691 906 naves
704 856 893 918 contemnent,
909 871 993 922 expo-

186 927 229 976 nit
241 929 408 988 exercituum
427 927 505 976 cuins
517 934 649 977 numerus
665 926 693 976 in
710 927 872 992 praesentia
882 924 936 976 fuit
948 941 994 992 pe-

186 995 274 1046 ditum
291 995 328 1046 lll
344 994 432 1057 milia,
455 997 579 1062 equitum
592 994 654 1057 CL;
672 995 826 1063 castrisque
838 999 904 1046 ante
916 998 995 1062 oppi-

107 1089 112 1102 ·
186 1065 252 1114 dum
264 1065 376 1131 positis,
396 1066 456 1116 sine
471 1065 577 1116 iniuria
587 1065 749 1130 cuiusquam
760 1065 902 1128 eonscdit;
921 1065 994 1116 cobi-

186 1135 287 1202 betque
309 1149 406 1210 omnes
421 1149 437 1184 a
454 1134 567 1202 praeda.
605 1134 744 1201 Oppidani
763 1135 877 1186 interim
897 1151 994 1186 muros

186 1205 302 1256 armatis
312 1203 465 1270 complent:
477 1209 543 1256 ante
554 1209 663 1270 portam
673 1203 835 1273 frequentes
846 1205 995 1256 considunt

186 1275 221 1326 ad
233 1289 263 1326 se
276 1274 494 1328 defendendum:
507 1289 624 1342 quorum
636 1291 768 1333 numerus
780 1275 898 1327 duarum
909 1276 995 1342 legio-

117 1359 119 1364 ·
186 1359 254 1396 num
275 1346 350 1396 intus
373 1353 443 1396 erat.
481 1345 593 1407 Caesar,
616 1346 718 1396 circum
740 1345 870 1412 oppidum
888 1353 995 1406 vectus,

186 1421 288 1465 nature
310 1415 363 1466 loci
387 1421 541 1484 perspecta,
563 1414 638 1466 redit
653 1416 680 1464 in
699 1419 798 1467 castre.
835 1413 897 1465 Non
910 1431 994 1466 neruo

187 1485 285 1553 culpae
302 1487 359 1546 cius
375 1485 638 1552 imprudentiaeque
655 1485 834 1552 adsignabat,
856 1485 928 1552 quod
947 1501 994 1536 ne-

187 1571 241 1621 qne
263 1560 370 1606 certum
393 1555 483 1607 locum
513 1553 746 1621 gubernatoribus
775 1553 994 1620 praefectisque,

187 1639 270 1691 quem
287 1630 429 1690 peterent,
451 1629 642 1690 praeceperat;
662 1639 761 1692 neque,
783 1629 814 1674 ut
831 1638 891 1674 mos
906 1625 995 1689 ipsius

187 1693 418 1760 consuetudoque
430 1688 810 1762 superioribus'tcmporibus
825 1692 930 1761 furerat,
953 1701 996 1744 ta·

186 1761 275 1812 bellas
287 1763 413 1830 signatas
426 1762 554 1817 dederat.
573 1768 605 1813 ut
615 1767 790 1829 intempore,
806 1764 840 1812 iis
852 1764 994 1828 perlectis,
1051 1823 1054 1832 Δ

184 1832 277 1881 locum
291 1837 397 1882 certum
410 1836 539 1900 peterent
549 1834 681 1884 universi.
708 1833 790 1894 Quod
800 1834 913 1884 minime
925 1834 995 1887 Cae·

186 1915 277 1951 sarem
299 1899 456 1952 fefellerat:
486 1917 605 1968 namque
634 1902 742 1954 nullum
762 1908 875 1970 portum
895 1909 994 1955 terrae

186 1969 305 2032 Africae,
316 1985 370 2038 quo
383 1971 486 2022 classes
498 1971 689 2035 decurrerent,
701 1987 751 2040 pro
764 1979 842 2024 certo
852 1978 943 2032 tutum
957 1975 994 2026 ab

184 2039 308 2092 bostium
330 2040 468 2107 praesidio
489 2040 550 2092 fore
572 2042 777 2109 suspicabatur-3
799 2043 850 2094 scd
870 2042 994 2095 fortuitu

186 2110 309 2162 oblatam
321 2113 496 2162 occasionem
509 2125 639 2178 egressus
652 2114 851 2180 aucupabatur.

183 2193 188 2199 '
237 2181 285 2235 lv.
304 2180 336 2232 L.
348 2182 466 2233 Plancus
486 2182 599 2234 interim
619 2181 729 2250 legatus
744 2179 817 2250 petit
832 2173 992 2244 aCacsare

185 2253 228 2302 uti
248 2251 304 2303 sibi
319 2252 400 2304 daret
420 2251 582 2303 facultatem
604 2267 665 2303 cum
677 2253 808 2304 Considio
828 2253 945 2320 agendi,
967 2257 994 2304 si

185 2327 280 2389 posset
290 2322 382 2389 aliqua
392 2324 502 2374 ratione
514 2321 628 2390 perduci
640 2322 676 2372 ad
687 2324 846 2374 sanitatem.
880 2323 993 2390 ltaque,

186 2391 253 2442 data
262 2391 412 2456 facultate,
433 2393 543 2444 litteras
555 2393 707 2443 conscribit
719 2398 749 2444 et
760 2408 808 2444 eas
820 2395 929 2459 captivo
941 2393 995 2445 dat

184 2460 366 2525 perferendas
382 2465 412 2513 in
427 2462 556 2530 oppidum
577 2459 613 2512 ad
630 2462 798 2514 Considium.
835 2463 896 2525 Quo
907 2466 993 2515 sinrul

183 2535 267 2594 atque
280 2533 403 2598 captivus
416 2534 592 2598 pervenisset
603 2530 779 2600 litterasque,
798 2539 831 2584 ut
840 2541 902 2585 erat
913 2546 992 2584 man-

183 2597 288 2658 datum,
305 2601 435 2652 Considio
447 2602 593 2668 porrigere
603 2603 751 2669 coepisset,
772 2605 931 2671 priusquam
944 2619 993 2655 ac-

184 2664 290 2728 ciperet
300 2669 357 2730 ille,
374 2667 455 2730 esen,
468 2671 566 2736 inquit,
582 2669 669 2721 istas?
695 2673 768 2724 'l'um
780 2674 917 2741 captivus:
938 2673 993 2725 lm·

177 2739 336 2802 penatores
348 2735 471 2790 Caesare.
508 2737 763 2800 'l'uncconsidius,
789 2740 861 2795 Vnus
876 2754 926 2804 ert,
946 2743 990 2794 in-
