2152 3132
328 211 332 216 '
361 204 522 260 ‘Libuit
551 204 620 262 vlt.
852 207 901 265 lot

94 310 151 361 sibi
161 309 282 376 reliquit.
319 311 423 373 Quare
433 314 551 379 cognita,
572 313 796 380 Vercingetorix,
813 317 901 366 omrii·

95 381 151 431 bus
162 380 328 445 interruptis
339 381 399 431 eius
411 379 533 432 iluminis
544 382 828 448 pertranseuntem
839 385 901 436 Ela-

95 451 173 500 veris
183 456 264 514 parte
274 451 330 500 iter
340 448 433 502 facere
445 454 545 518 coepit.

150 518 264 572 XXXV.
284 520 375 580 Quum
386 525 505 587 uterque
516 521 631 588 utrique
641 523 861 573 essetexercitus
871 524 899 573 in

78 595 250 654 conspectu
261 588 377 656 fereque
389 605 404 640 e
414 598 529 656 regione
540 596 632 641 castra
643 595 767 657 poneret,
787 591 900 656 disposi

78 695 82 702 .
94 661 134 709 tis
146 658 383 725 exploratoribus,
412 660 509 710 necubi
520 659 621 711 offecto
631 667 717 727 ponte
728 660 845 711 Romani
857 675 901 712 oo-

79 766 82 772 .
96 728 159 794 pias
168 728 391 789 transducerent,
406 729 505 780 eratin
516 731 624 797 magnis
635 730 746 782 Caesari
758 729 900 782 difficulta-

81 829 83 836 ·
96 799 172 848 tibus
182 812 237 860 res,
256 813 291 848 ne
302 798 434 848 maiorem
446 800 563 850 aestatis
574 805 682 864 partem
692 798 805 850 tlumine
816 801 900 866 impe-

98 867 223 929 diretur;
244 865 317 934 quod
328 882 384 918 non
395 866 456 919 sere
467 875 532 920 ante
543 875 706 920 autumnum
717 868 819 919 Elaver
828 869 899 920 vado

97 937 214 990 transiri
224 937 306 987 solet.
333 937 440 1003 ltaque,
460 953 495 989 ne
505 938 533 988 id
544 939 692 1001 accideret,
703 939 825 990 silvestri
836 938 899 990 loco

99 1007 199 1057 castris
209 1007 316 1072 positis,
332 1020 347 1056 e
359 1007 474 1072 regione
485 1009 566 1058 unius
578 1023 673 1059 eorum
684 1010 819 1075 pontium,
830 1023 900 1075 quos

97 1076 315 1143 Vercingetorix
325 1075 525 1128 rescindendos
540 1084 699 1139 curaverat,
728 1083 842 1145 postero
854 1077 900 1128 dis

99 1160 163 1196 cum
174 1145 280 1197 duabus
294 1145 452 1212 legionibus
466 1147 495 1196 in
511 1147 620 1198 occulto
631 1148 748 1207 restititr
778 1148 900 1214 reliquas

99 1217 194 1281 copias
203 1230 264 1266 cum
277 1213 404 1265 omnibus
418 1215 636 1281 impedimentis,
664 1223 695 1267 nt
707 1221 901 1278 consueverat,
930 1250 933 1255 -

99 1287 184 1346 misit,
204 1284 289 1351 captis
299 1282 432 1350 [quartis]
443 1287 596 1352 quibusque
607 1285 780 1347 cohortibus,
799 1286 842 1335 uti
852 1301 901 1336 nu·

98 1369 194 1406 merus
214 1353 354 1421 legionum
375 1361 503 1406 constare
522 1355 673 1406 videretur.
719 1355 786 1417 llis,
817 1369 901 1422 quam

98 1423 262 1490 longissime
276 1429 403 1489 possent,
432 1423 562 1490 progredi
578 1426 675 1487 iussis,
704 1439 787 1491 quum
799 1424 852 1474 ianr
865 1437 902 1474 ex

99 1493 155 1544 diei
166 1498 291 1559 tempore
303 1494 488 1544 coniecturam
501 1499 624 1559 caperet,
644 1495 673 1543 in
684 1499 775 1544 castra
785 1507 901 1559 perren-

98 1569 174 1625 tum,
194 1562 295 1613 iisdem
310 1562 436 1626 sublicis,
457 1577 573 1630 quarum
586 1577 651 1631 pars
662 1562 780 1613 inferior
791 1565 902 1628 integra

99 1632 275 1693 remanebat,
294 1637 407 1699 pontem
423 1631 541 1684 reficere
551 1635 651 1699 coepit.
688 1629 901 1683 celeriterotle·

100 1710 147 1753 cto
157 1715 242 1768 opere
252 1700 464 1769 legionibusque
475 1701 658 1766 transductis,
688 1707 717 1754 et
727 1701 789 1755 loco
801 1701 900 1754 castris

98 1771 203 1823 idoneo
213 1769 337 1832 delecto,
357 1772 479 1839 reliquas
494 1774 587 1838 copias
601 1775 751 1824 revocavit.
787 1774 901 1826 Vercin-

99 1843 223 1908 getorix,
244 1855 275 1890 re
286 1842 411 1907 cognita,
435 1857 470 1892 ne
481 1848 579 1894 contra
589 1859 665 1894 suam
678 1844 850 1895 voluntatem
860 1843 900 1894 di·

98 1914 203 1962 micare
213 1917 370 1976 cogeretur,
389 1912 497 1977 magnis
507 1914 653 1964 itineribus
664 1916 822 1965 antecessit.

150 1977 276 2032 xxxvl.
295 1980 399 2031 Caesar
409 1995 444 2030 ex
454 1995 488 2032 eo
498 1982 560 2033 loco
571 1984 673 2049 quintis
684 1985 783 2034 castris
794 1983 901 2051 Gergo-

98 2051 169 2101 viam
181 2051 322 2115 pervenit,
342 2052 521 2119 equestrique
531 2053 639 2118 proelio
651 2067 684 2104 eo
696 2053 743 2104 die
751 2054 806 2104 leri
816 2052 900 2116 iacto,

99 2123 244 2188 perspecto
255 2117 331 2170 urbis
343 2120 409 2180 situ,
419 2135 500 2187 quac,
510 2122 600 2186 posita
610 2124 639 2172 in
649 2122 784 2172 altissimo
796 2127 900 2184 monte,

99 2192 190 2240 omnis
201 2188 291 2240 aditus
302 2187 428 2240 dilliciles
439 2188 571 2252 babebat,
588 2191 623 2242 de
635 2193 842 2258 expugnatione
853 2191 900 2242 de-

98 2260 234 2324 speravit;
262 2257 296 2310 de
312 2259 473 2310 obsessione
489 2275 543 2310 non
559 2262 635 2326 prius
650 2262 788 2326 agendum
799 2261 900 2312 consti-

98 2330 167 2391 tuit,
197 2343 279 2396 quam
290 2343 349 2380 rem
363 2327 575 2379 frumentariam
588 2330 754 2395 expedisset.
789 2330 825 2380 At
834 2328 901 2380 Ver-

57 2453 59 2456 ,
98 2398 273 2466 cingetorix,
293 2400 394 2448 castris
405 2412 493 2464 prope
505 2397 633 2463 oppidum
643 2400 672 2448 in
682 2404 778 2450 monte
788 2399 901 2466 positis,

96 2467 283 2520 mediocribus
293 2469 396 2518 circum
407 2483 437 2519 se
448 2467 605 2518 intervallis
616 2469 767 2534 separatim
778 2468 901 2536 singula·

95 2553 158 2590 rum
168 2538 312 2588 civitatum
329 2538 422 2604 copias
437 2537 638 2600 collocaverat,
669 2543 754 2606 atque
771 2541 899 2592 ominibus

97 2609 157 2660 eius
168 2608 225 2674 iugi
236 2606 354 2658 collibus
366 2609 516 2673 occupatis,
527 2623 583 2675 qua
593 2607 698 2674 despici
704 2613 826 2675 poterat,
836 2609 900 2664 bor·

96 2677 209 2730 ribilem
223 2678 349 2744 speciem
361 2677 524 2742 praebebat:
551 2678 746 2746 principesque
757 2693 852 2730 earum
864 2682 900 2733 ci·

96 2747 226 2812 vitatum,
236 2761 306 2815 quos
315 2748 371 2802 ribi
381 2747 566 2801 adconsilium
572 2748 736 2818 capiendum
747 2747 899 2820 delegerat,
