2152 3144
198 192 250 246 aaa
379 189 411 242 a.
433 185 573 241 amru
594 185 650 238 ua
668 157 811 236 anano

198 295 344 362 repentina
354 293 502 346 latrocinia
512 291 653 342 sublatum
663 287 700 340 iri
710 285 863 337 videbatur.
885 283 1004 348 lamque

198 382 257 431 eos,
269 366 315 433 qui
327 363 467 430 praesidio
480 378 540 415 eum
554 362 647 413 locum
657 357 799 419 tenebant,
809 350 956 404 tormentis
968 363 1006 400 ex

200 437 315 488 navibus
332 435 497 501 sagittisque
513 431 660 497 depulerat
676 433 759 494 atque
774 429 801 475 in
814 421 947 488 oppidum
959 435 1006 470 re·

201 507 331 574 degerat3
352 511 380 555 et
391 503 546 556 cohortium
559 503 644 551 trium
660 500 749 548 instar
764 496 792 544 in
802 499 908 543 terram
918 504 1007 554 expo·

200 580 310 628 suerat:
333 574 479 625 nonenim
500 571 595 638 planes
616 569 769 620 consistere
786 561 931 630 angustiae
947 559 1006 609 loci

201 645 394 716 patiebantur3
413 644 537 710 reliquae
554 641 651 707 copiae
668 635 829 688 lunaribus
850 631 1006 682 stationem

204 714 378 766 obtinebant.
413 712 475 774 Quo
497 711 571 762 facto
589 712 718 776 imperat,
737 709 851 774 pontem
870 700 1007 772 adversus

203 784 313 836 hostem
324 782 491 850 praevallari
503 786 539 843 et,
551 779 707 849 quaesitus
719 775 836 826 navibus
847 776 907 823 crat
916 768 1009 820 forui-

205 871 236 905 ee
247 857 398 914 exstructo,
410 865 466 919 quo
476 865 544 918 pons
555 849 755 908 sustinebatur,
764 841 901 909 lapidibus
913 838 1008 905 opple·

205 925 230 974 ri
250 926 333 989 atque
354 922 474 972 obstrui:
495 934 612 986 quorum
634 917 723 968 altero
742 927 826 980 opere
845 908 955 970 effecto,
973 915 1009 958 ut

204 991 283 1044 nulla
294 991 406 1046 omnino
417 987 520 1055 scapha
530 987 625 1055 egredi
637 986 741 1052 posset,
760 983 851 1034 altero
869 979 1011 1038 instituto,

207 1073 303 1112 omnes
322 1058 573 1111 Alexandrinorum
590 1057 685 1124 copiae
702 1068 737 1106 ex
751 1051 852 1119 oppido
869 1063 900 1100 sc
919 1050 1012 1099 eiece-

206 1135 274 1182 runt
284 1135 313 1180 et
324 1134 422 1181 contra
431 1128 601 1180 munitiones
612 1126 706 1192 pontis
720 1124 822 1174 latiore
832 1120 893 1170 loco
904 1117 1012 1170 consti-

185 1205 194 1214 ’“
205 1205 314 1250 terunt:
334 1199 487 1266 eodemque
504 1202 639 1262 tempore,
658 1209 729 1262 quae
745 1197 949 1244 consueverant
961 1201 1013 1238 na·

206 1267 478 1337 vigiaperpontesad
488 1266 617 1318 incendia
627 1265 818 1316 onerariarum
829 1259 967 1318 emittere,
974 1254 1013 1306 ad

208 1341 309 1392 molem
322 1333 537 1390 constituerunt.
561 1336 743 1404 Pugnabatur
753 1349 771 1383 a
780 1331 858 1383 nobis
869 1342 903 1380 en
913 1331 1015 1393 ponte,

210 1424 245 1462 ex
260 1409 347 1473 mole3
366 1410 400 1460 ab
416 1408 472 1459 illis
488 1422 523 1460 cx
540 1421 614 1478 prea,
634 1420 704 1474 quae
719 1407 781 1456 crat
796 1400 928 1452 adversus
942 1391 1015 1464 phu·

210 1487 275 1544 tem,
294 1485 367 1531 etex
379 1478 495 1529 navibus
506 1486 604 1529 eontra
613 1475 726 1528 molem.

260 1549 321 1600 XX.
340 1551 371 1602 ln
393 1547 435 1599 his
455 1549 538 1600 rebus
561 1550 697 1614 occupato
710 1545 830 1595 Caesare
848 1537 1016 1603 militesque

208 1619 355 1681 hortante,
377 1620 514 1684 remigum
533 1632 651 1684 magnus
666 1626 798 1666 numerus
807 1613 837 1661 et
855 1607 1017 1659 classiario-

209 1705 270 1740 rum
278 1682 825 1754 exlongisnavihusnostrisinmolemse
837 1677 928 1729 eiecit.
940 1674 1016 1726 Pars

209 1772 305 1810 eorum
316 1755 410 1806 studio
422 1755 565 1823 spectandi
577 1754 724 1815 ferebatur,
734 1765 799 1818 pars
810 1751 897 1800 ctiam
906 1744 1016 1811 cupidi·

208 1831 268 1878 tate
278 1824 428 1892 pugnandi.
465 1825 503 1875 Hi
519 1825 637 1890 primum
654 1822 765 1888 navigia
778 1817 901 1869 hostium
912 1814 1016 1880 lapidi-

208 1897 261 1946 bus
272 1909 304 1944 ac
314 1893 407 1944 fundis
419 1907 435 1943 a
445 1891 737 1960 molerepellebantac
747 1885 865 1939 multum
875 1885 1017 1950 prolicere

209 1963 387 2016 multitudine
407 1962 528 2014 telorum
549 1960 722 2012 videbantur.
759 1957 827 2019 Sed,
862 1959 1014 2022 postquam

209 2035 284 2087 ultra
294 2048 356 2084 eum
367 2031 468 2096 locum,
487 2033 522 2084 ab
532 2033 620 2082 latere
634 2030 855 2094 eorumflaperto,
873 2024 934 2074 ausi
944 2030 1017 2074 sunt

210 2103 305 2172 egredi
317 2117 352 2154 ex
367 2103 483 2154 navibus
497 2100 678 2152 Alexandrini
694 2100 786 2166 pauci3
806 2101 837 2146 ut
851 2095 912 2146 sine
922 2093 1016 2160 siguis

210 2175 349 2242 certisque
361 2171 515 2235 ordinibus,
533 2175 592 2222 sine
602 2171 713 2221 ratione
724 2166 902 2235 prodierant,
920 2164 962 2214 sic
973 2171 1016 2214 te-

211 2259 286 2298 mere
305 2245 337 2294 in·
354 2257 438 2294 naves
457 2241 587 2310 refugere
601 2245 763 2307 coeperunt.
799 2235 922 2299 ouomm
943 2231 1015 2299 fuga

209 2315 320 2365 incitati
336 2311 515 2364 Alexandrini
530 2312 626 2378 plures
642 2325 678 2361 ex
699 2309 813 2360 navibus
829 2303 1014 2372 egredieban-

210 2391 257 2435 tur
284 2388 451 2450 nostrosque
479 2383 570 2433 aerius
589 2379 766 2446 perturbatos
783 2374 1014 2443 insequebantur.

211 2451 307 2514 Simul,
326 2453 375 2519 qui
394 2453 425 2503 ia
446 2452 562 2503 navibus
583 2448 675 2518 longis
694 2450 907 2506 remanserant,
920 2441 1015 2493 scalas

210 2535 309 2588 rapere
325 2535 464 2588 naresque
479 2535 496 2570 a
511 2528 588 2572 terra
602 2519 740 2586 repellere
757 2513 955 2584 properabant,
977 2525 1015 2561 nc

210 2587 306 2640 hostes
322 2591 437 2639 navibus
452 2590 619 2656 potirentur.
657 2588 763 2651 Quibus
780 2584 908 2637 omnibus
925 2580 1014 2632 rebus

209 2657 363 2720 perturbati
379 2657 480 2708 milites
496 2659 583 2708 nostri
600 2656 756 2708 cohortium
770 2656 869 2716 trium,
892 2664 965 2718 quae
985 2652 1013 2700 in

209 2729 292 2787 ponte
303 2739 336 2774 ac
345 2725 434 2788 prima
444 2727 516 2778 mole
528 2727 727 2791 constiterant,
746 2739 830 2794 quum
841 2727 905 2790 post
914 2734 944 2772 se
956 2719 1014 2770 cla·
