2124 3154
304 199 641 255 HISPANIENSI.
825 203 879 258 loa

21 261 23 342 l
76 303 189 372 oppido,
206 305 237 357 in
257 308 693 373 castramaiorasereciperent.
729 307 878 376 lnsequen·

75 377 98 426 ti
118 382 244 442 tempore
260 377 447 442 Ventisponte
460 377 590 444 oppidum
612 391 695 442 quum
712 392 878 444 oppugnare

76 447 222 511 coepisset,
241 445 384 498 deditione
404 446 493 509 facta,
510 449 566 508 iter
587 445 654 498 fecit
674 449 701 495 in
726 450 885 499 Carrucam·

77 521 227 582 contraque
238 514 400 583 Pompeium
417 523 510 568 eastra
525 521 626 583 posuit.
664 515 813 582 Pompeius
829 533 884 584 op·=

75 585 184 652 pidum,
214 586 288 652 quod
301 591 401 638 contra
421 601 472 638 sua
487 587 628 653 praesidia
648 593 744 652 portas
763 587 878 640 clausis·

74 661 127 716 set,
142 655 279 718 incendit3
298 657 443 724 milesque,
460 658 507 724 qui
518 656 633 708 fratrem
646 657 765 706 suumin
778 659 877 710 castris

75 724 242 790 iugulasset,
260 727 435 792 interceptus
449 733 494 777 est
504 742 522 777 a
532 728 637 776 nostris
650 731 679 778 et
691 726 758 776 fusti
770 742 883 792 percus·-

74 809 131 843 sus.
166 795 240 845 Hinc
259 797 361 847 itinere
383 795 473 858 facto,
496 798 524 846 in
546 810 671 862 campum
693 796 880 848 Mundensem
945 855 949 862 ,

76 879 161 931 quum
177 870 253 917 esset
267 873 395 930 ventum,
425 873 519 918 castra
534 873 632 918 eontra
643 865 804 933 Pompeium
816 881 881 918 eon·

75 936 177 985 stituit.

80 1035 84 1042 ·
126 1005 253 1058 XXVlll.
272 1003 406 1074 Sequenti
427 1005 472 1057 die
494 1022 577 1073 quum
599 1008 655 1058 iter
669 1004 762 1058 facere
778 1007 881 1058 Caesar

76 1090 136 1126 cum
149 1076 234 1140 copiis
243 1077 336 1138 vellet,
349 1077 543 1128 renunciatum
555 1084 599 1129 est
610 1077 882 1142 abspeculatoribus,

76 1146 237 1212 Pompeium
259 1146 293 1198 de
304 1148 390 1198 tertia
409 1147 505 1214 vigilia
526 1149 554 1198 in
576 1149 635 1200 acie
656 1149 777 1198 stetisse.
820 1145 889 1198 lloo‘

76 1217 177 1266 nuncio
189 1215 292 1278 adlato,
313 1217 445 1267 vexillum
458 1220 611 1284 proposuit.
638 1217 743 1268 idcireo
754 1218 827 1266 enim
839 1231 883 1266 co·

76 1286 137 1352 pias
149 1286 298 1350 eduxerat,
331 1286 403 1353 quod
414 1287 632 1338 Ursaonensium
645 1287 752 1337 civitati
762 1285 884 1337 fuissent

75 1356 217 1407 fautores:
250 1363 334 1407 antea
346 1357 444 1408 literas
455 1358 585 1420 miserat,
618 1354 761 1407 Caesarem
775 1357 845 1408 nolle
854 1355 885 1408 irs

76 1427 221 1478 convallem
232 1424 395 1490 descendere,
416 1427 486 1494 quod
494 1426 623 1477 rnaiorem
629 1435 737 1492 partem
749 1426 885 1478 exercitus

77 1495 193 1548 tironem
203 1495 328 1547 baberet.
351 1497 413 1547 Hae
426 1497 539 1547 litterae
550 1494 731 1547 vehementer
740 1497 884 1546 confirma·

78 1567 146 1618 bant
158 1572 266 1617 mentes
277 1566 486 1632 oppidanorum.
509 1568 562 1628 lta,
581 1563 633 1617 hac
644 1567 775 1632 opinione
785 1564 884 1629 fretus,

76 1641 168 1686 totum
180 1651 209 1687 se
221 1637 315 1687 facere
326 1651 408 1702 posse
420 1637 610 1688 existimabat:
628 1637 731 1687 etenim
744 1641 772 1686 et
782 1643 884 1687 natura

76 1706 130 1757 loci
142 1705 359 1769 defendebatur,
389 1712 420 1757 et
435 1708 520 1774 ipsius
532 1705 624 1772 oppidi
635 1706 806 1769 munitione,
836 1707 884 1757 ubi

77 1782 171 1836 castra
182 1775 279 1827 habuit
290 1776 453 1828 constituta.
490 1777 632 1844 Namque,
655 1781 687 1827 ut
698 1777 825 1842 superius
838 1776 884 1830 de-

76 1849 306 1909 monstravimus,
337 1846 400 1898 loca
415 1847 584 1899 excellentia
598 1846 714 1898 tumulis
731 1847 884 1910 contineri3

76 1917 186 1967 interim
200 1916 276 1968 nulla
287 1917 403 1983 planitia
414 1917 521 1969 dividit.

129 1985 228 2037 XXlX.
247 1986 301 2038 Sed
314 1988 421 2038 ratione
434 1988 510 2038 nulla
526 1987 632 2055 placuit
645 1947 732 2039 taceri
745 1986 788 2048 id,
810 1985 884 2054 quod

9 2097 10 2130 ἦ
76 2069 110 2106 co
123 2057 222 2107 incidit
232 2063 365 2123 tempore
402 2058 538 2110 Planities
560 2059 635 2108 inter
654 2063 774 2122 utraque
791 2061 885 2111 castra

9 2131 10 2134 ’
75 2126 277 2188 intercedebat,
299 2128 412 2178 circiter
423 2127 500 2178 milia
511 2141 644 2193 passuum
655 2129 786 2193 quinque,
796 2130 827 2175 ut
838 2140 885 2175 au*-

76 2196 145 2246 xilia
161 2195 285 2262 Pompeii
302 2196 409 2248 duabus
429 2196 649 2248 defenderentur
670 2197 767 2256 rebus,
791 2195 885 2262 oppidi

76 2265 182 2316 excelsi
192 2270 221 2316 et
231 2265 285 2316 loci
298 2271 406 2317 natura
442 2268 512 2316 ilinc
524 2265 648 2334 dirigens
660 2265 785 2330 proxima
795 2264 884 2330 plani·

76 2337 130 2386 ties
142 2336 330 2404 aequabatur,
352 2337 431 2386 cuius
443 2336 589 2388 decursum
602 2333 819 2385 antecedebat'
798 2349 884 2396 rivus,

76 2407 123 2474 qui
135 2404 169 2454 ad
182 2419 279 2457 eorum
300 2419 439 2456 accessum
455 2421 589 2456 summam
602 2405 739 2455 officiebat
759 2403 840 2454 loci
833 2406 884 2453 rni-

76 2477 225 2542 quitatem:
245 2489 308 2525 nam
328 2476 445 2542 palustri
458 2475 663 2542 ctroraginoso
685 2473 747 2524 solo
767 2488 884 2526 currens

77 2549 139 2596 erat
150 2545 185 2596 ud
195 2545 333 2598 doxtrum.
369 2548 406 2598 Et
417 2547 534 2608 Caesar,
555 2560 637 2612 quum
651 2545 737 2596 aciem
750 2543 884 2595 directam

77 2615 204 2678 vidisset,
225 2631 281 2666 non
292 2614 388 2667 babuit
399 2616 525 2676 dubium,
546 2616 611 2683 quin
624 2614 716 2666 media
728 2612 863 2680 planitie
856 2619 885 2666 rr'r

78 2700 197 2752 aequum
207 2686 242 2736 ad
254 2685 439 2737 dimicandum
452 2686 606 2738 adversarii
617 2684 809 2751 procederent.
823 2683 885 2736 Hoc

78 2763 140 2809 erat
151 2757 180 2808 in
191 2757 312 2810 omnium
324 2763 482 2826 conspectu.
518 2756 583 2810 Huc
594 2755 751 2820 aeccdebat,
761 2761 794 2807 ut
806 2755 886 2808 locus
