<?xml version="1.0" encoding="UTF-8"?>
<!DOCTYPE html PUBLIC "-//W3C//DTD XHTML 1.0 Transitional//EN"
    "http://www.w3.org/TR/xhtml1/DTD/xhtml1-transitional.dtd">
<html xmlns="http://www.w3.org/1999/xhtml" xml:lang="en" lang="en">
 <head>
  <title>
</title>
<meta http-equiv="Content-Type" content="text/html;charset=utf-8" />
  <meta name='ocr-system' content='tesseract 3.04.00' />
  <meta name='ocr-capabilities' content='ocr_page ocr_carea ocr_par ocr_line ocrx_word'/>
</head>
<body>
  <div class='ocr_page' id='page_1' title='image "./cjuliicaesarisc05caesgoog_0088.png"; bbox 0 0 2150 3124; ppageno 0'>
   <div class='ocr_carea' id='block_1_1' title="bbox 159 131 796 214">
    <p class='ocr_par' dir='ltr' id='par_1_1' title="bbox 159 131 796 214">
     <span class='ocr_line' id='line_1_1' title="bbox 159 131 796 214; baseline -0.006 -12"><span class='ocrx_word' id='word_1_1' title='bbox 159 131 214 202; x_wconf 73' lang='lat' dir='ltr'><strong>‚ns</strong></span> <span class='ocrx_word' id='word_1_2' title='bbox 369 147 425 214; x_wconf 85' lang='lat' dir='ltr'><strong>un</strong></span> <span class='ocrx_word' id='word_1_3' title='bbox 446 145 588 212; x_wconf 74' lang='lat' dir='ltr'><strong>annuo</strong></span> <span class='ocrx_word' id='word_1_4' title='bbox 610 145 796 200; x_wconf 72' lang='lat' dir='ltr'><strong>cancico</strong></span> 
     </span>
    </p>
   </div>
   <div class='ocr_carea' id='block_1_2' title="bbox 177 249 987 737">
    <p class='ocr_par' dir='ltr' id='par_1_2' title="bbox 177 249 987 737">
     <span class='ocr_line' id='line_1_2' title="bbox 180 249 987 320; baseline 0 -18"><span class='ocrx_word' id='word_1_5' title='bbox 180 252 272 320; x_wconf 87' lang='lat' dir='ltr'><strong>pontis</strong></span> <span class='ocrx_word' id='word_1_6' title='bbox 283 249 355 302; x_wconf 86' lang='lat' dir='ltr'><strong>hene</strong></span> <span class='ocrx_word' id='word_1_7' title='bbox 365 251 493 302; x_wconf 78' lang='lat' dir='ltr'><strong>instituit.</strong></span> <span class='ocrx_word' id='word_1_8' title='bbox 513 251 602 317; x_wconf 85' lang='lat' dir='ltr'><strong>&#39;l&#39;igna</strong></span> <span class='ocrx_word' id='word_1_9' title='bbox 611 251 677 301; x_wconf 92' lang='lat' dir='ltr'><strong>hina</strong></span> <span class='ocrx_word' id='word_1_10' title='bbox 686 249 987 319; x_wconf 79' lang='lat' dir='ltr'><strong>sesquipedalia‚paul·</strong></span> 
     </span>
     <span class='ocr_line' id='line_1_3' title="bbox 178 319 986 386; baseline -0.001 -13"><span class='ocrx_word' id='word_1_11' title='bbox 178 320 236 373; x_wconf 89' lang='lat' dir='ltr'><strong>lum</strong></span> <span class='ocrx_word' id='word_1_12' title='bbox 246 321 281 374; x_wconf 83' lang='lat' dir='ltr'><strong>ab</strong></span> <span class='ocrx_word' id='word_1_13' title='bbox 291 321 347 372; x_wconf 93' lang='lat' dir='ltr'><strong>imo</strong></span> <span class='ocrx_word' id='word_1_14' title='bbox 359 325 519 386; x_wconf 86' lang='lat' dir='ltr'><strong>praeacuta,</strong></span> <span class='ocrx_word' id='word_1_15' title='bbox 529 320 654 372; x_wconf 85' lang='lat' dir='ltr'><strong>dimensa</strong></span> <span class='ocrx_word' id='word_1_16' title='bbox 664 321 698 373; x_wconf 86' lang='lat' dir='ltr'><strong>ad</strong></span> <span class='ocrx_word' id='word_1_17' title='bbox 709 321 885 374; x_wconf 77' lang='lat' dir='ltr'><strong>altitudinem</strong></span> <span class='ocrx_word' id='word_1_18' title='bbox 896 319 986 372; x_wconf 80' lang='lat' dir='ltr'><strong>ilunii·</strong></span> 
     </span>
     <span class='ocr_line' id='line_1_4' title="bbox 178 389 984 457; baseline -0.002 -13"><span class='ocrx_word' id='word_1_19' title='bbox 178 393 235 454; x_wconf 87' lang='lat' dir='ltr'><strong>nis,</strong></span> <span class='ocrx_word' id='word_1_20' title='bbox 264 390 411 441; x_wconf 83' lang='lat' dir='ltr'><strong>intervallo</strong></span> <span class='ocrx_word' id='word_1_21' title='bbox 435 389 536 456; x_wconf 91' lang='lat' dir='ltr'><strong>pedum</strong></span> <span class='ocrx_word' id='word_1_22' title='bbox 561 389 679 442; x_wconf 87' lang='lat' dir='ltr'><strong>duorum</strong></span> <span class='ocrx_word' id='word_1_23' title='bbox 704 393 777 443; x_wconf 86' lang='lat' dir='ltr'><strong>inter</strong></span> <span class='ocrx_word' id='word_1_24' title='bbox 791 405 824 442; x_wconf 84' lang='lat' dir='ltr'><strong>se</strong></span> <span class='ocrx_word' id='word_1_25' title='bbox 844 391 984 457; x_wconf 83' lang='lat' dir='ltr'><strong>iungebat.</strong></span> 
     </span>
     <span class='ocr_line' id='line_1_5' title="bbox 177 457 985 526; baseline -0.001 -13"><span class='ocrx_word' id='word_1_26' title='bbox 177 461 257 513; x_wconf 87' lang='lat' dir='ltr'><strong>llaec</strong></span> <span class='ocrx_word' id='word_1_27' title='bbox 276 475 359 526; x_wconf 87' lang='lat' dir='ltr'><strong>quum</strong></span> <span class='ocrx_word' id='word_1_28' title='bbox 375 458 626 512; x_wconf 78' lang='lat' dir='ltr'><strong>machinationibus</strong></span> <span class='ocrx_word' id='word_1_29' title='bbox 640 461 765 512; x_wconf 90' lang='lat' dir='ltr'><strong>immissa</strong></span> <span class='ocrx_word' id='word_1_30' title='bbox 779 463 807 511; x_wconf 92' lang='lat' dir='ltr'><strong>in</strong></span> <span class='ocrx_word' id='word_1_31' title='bbox 822 457 924 511; x_wconf 88' lang='lat' dir='ltr'><strong>ilumen</strong></span> <span class='ocrx_word' id='word_1_32' title='bbox 939 461 985 512; x_wconf 90' lang='lat' dir='ltr'><strong>de·</strong></span> 
     </span>
     <span class='ocr_line' id='line_1_6' title="bbox 178 529 985 596; baseline 0.001 -15"><span class='ocrx_word' id='word_1_33' title='bbox 178 530 279 582; x_wconf 76' lang='lat' dir='ltr'><strong>linerat</strong></span> <span class='ocrx_word' id='word_1_34' title='bbox 293 531 452 595; x_wconf 82' lang='lat' dir='ltr'><strong>fistucisque</strong></span> <span class='ocrx_word' id='word_1_35' title='bbox 468 530 614 596; x_wconf 75' lang='lat' dir='ltr'><strong>adegerat,</strong></span> <span class='ocrx_word' id='word_1_36' title='bbox 635 545 689 581; x_wconf 94' lang='lat' dir='ltr'><strong>non</strong></span> <span class='ocrx_word' id='word_1_37' title='bbox 704 531 827 583; x_wconf 81' lang='lat' dir='ltr'><strong>sublicae</strong></span> <span class='ocrx_word' id='word_1_38' title='bbox 842 529 923 581; x_wconf 85' lang='lat' dir='ltr'><strong>modo</strong></span> <span class='ocrx_word' id='word_1_39' title='bbox 940 530 985 582; x_wconf 93' lang='lat' dir='ltr'><strong>de·</strong></span> 
     </span>
     <span class='ocr_line' id='line_1_7' title="bbox 178 598 986 668; baseline -0.001 -18"><span class='ocrx_word' id='word_1_40' title='bbox 178 606 257 651; x_wconf 89' lang='lat' dir='ltr'><strong>recta</strong></span> <span class='ocrx_word' id='word_1_41' title='bbox 271 598 307 650; x_wconf 89' lang='lat' dir='ltr'><strong>ad</strong></span> <span class='ocrx_word' id='word_1_42' title='bbox 322 599 565 665; x_wconf 81' lang='lat' dir='ltr'><strong>perpendiculum,</strong></span> <span class='ocrx_word' id='word_1_43' title='bbox 585 601 633 652; x_wconf 87' lang='lat' dir='ltr'><strong>sed</strong></span> <span class='ocrx_word' id='word_1_44' title='bbox 649 616 737 666; x_wconf 63' lang='lat' dir='ltr'><strong>peona</strong></span> <span class='ocrx_word' id='word_1_45' title='bbox 747 616 779 652; x_wconf 90' lang='lat' dir='ltr'><strong>ac</strong></span> <span class='ocrx_word' id='word_1_46' title='bbox 789 601 935 668; x_wconf 82' lang='lat' dir='ltr'><strong>fastigata,</strong></span> <span class='ocrx_word' id='word_1_47' title='bbox 954 605 986 651; x_wconf 89' lang='lat' dir='ltr'><strong>ut</strong></span> 
     </span>
     <span class='ocr_line' id='line_1_8' title="bbox 178 668 986 737; baseline 0.001 -19"><span class='ocrx_word' id='word_1_48' title='bbox 178 668 331 720; x_wconf 88' lang='lat' dir='ltr'><strong>secundum</strong></span> <span class='ocrx_word' id='word_1_49' title='bbox 345 674 473 720; x_wconf 83' lang='lat' dir='ltr'><strong>naturam</strong></span> <span class='ocrx_word' id='word_1_50' title='bbox 489 668 610 722; x_wconf 84' lang='lat' dir='ltr'><strong>fluminis</strong></span> <span class='ocrx_word' id='word_1_51' title='bbox 625 672 849 737; x_wconf 76' lang='lat' dir='ltr'><strong>procumberent:</strong></span> <span class='ocrx_word' id='word_1_52' title='bbox 869 671 904 720; x_wconf 91' lang='lat' dir='ltr'><strong>iis</strong></span> <span class='ocrx_word' id='word_1_53' title='bbox 917 671 986 720; x_wconf 87' lang='lat' dir='ltr'><strong>item</strong></span> 
     </span>
    </p>
   </div>
   <div class='ocr_carea' id='block_1_3' title="bbox 180 737 1055 802">
    <p class='ocr_par' dir='ltr' id='par_1_3' title="bbox 180 737 1055 802">
     <span class='ocr_line' id='line_1_9' title="bbox 180 737 1055 802; baseline 0 -14"><span class='ocrx_word' id='word_1_54' title='bbox 180 737 400 802; x_wconf 73' lang='lat' dir='ltr'><strong>contractandae,</strong></span> <span class='ocrx_word' id='word_1_55' title='bbox 415 738 451 790; x_wconf 89' lang='lat' dir='ltr'><strong>ad</strong></span> <span class='ocrx_word' id='word_1_56' title='bbox 461 739 587 790; x_wconf 89' lang='lat' dir='ltr'><strong>eumdem</strong></span> <span class='ocrx_word' id='word_1_57' title='bbox 598 740 710 790; x_wconf 91' lang='lat' dir='ltr'><strong>modum</strong></span> <span class='ocrx_word' id='word_1_58' title='bbox 721 741 827 802; x_wconf 88' lang='lat' dir='ltr'><strong>iuncta,</strong></span> <span class='ocrx_word' id='word_1_59' title='bbox 839 738 986 791; x_wconf 85' lang='lat' dir='ltr'><strong>intervallo</strong></span> <span class='ocrx_word' id='word_1_60' title='bbox 1054 755 1055 758; x_wconf 46' lang='lat'>¹</span> 
     </span>
    </p>
   </div>
   <div class='ocr_carea' id='block_1_4' title="bbox 180 808 987 944">
    <p class='ocr_par' dir='ltr' id='par_1_4' title="bbox 180 808 987 944">
     <span class='ocr_line' id='line_1_10' title="bbox 181 808 985 875; baseline -0.001 -16"><span class='ocrx_word' id='word_1_61' title='bbox 181 809 281 875; x_wconf 87' lang='lat' dir='ltr'><strong>pedum</strong></span> <span class='ocrx_word' id='word_1_62' title='bbox 291 808 512 874; x_wconf 83' lang='lat' dir='ltr'><strong>quadragenum,</strong></span> <span class='ocrx_word' id='word_1_63' title='bbox 528 810 562 859; x_wconf 92' lang='lat' dir='ltr'><strong>ab</strong></span> <span class='ocrx_word' id='word_1_64' title='bbox 571 809 706 859; x_wconf 85' lang='lat' dir='ltr'><strong>inferiore</strong></span> <span class='ocrx_word' id='word_1_65' title='bbox 717 815 812 875; x_wconf 89' lang='lat' dir='ltr'><strong>parte,</strong></span> <span class='ocrx_word' id='word_1_66' title='bbox 823 816 922 860; x_wconf 88' lang='lat' dir='ltr'><strong>contra</strong></span> <span class='ocrx_word' id='word_1_67' title='bbox 931 810 985 858; x_wconf 70' lang='grc' dir='ltr'><strong>νὶηι</strong></span> 
     </span>
     <span class='ocr_line' id='line_1_11' title="bbox 180 877 987 944; baseline 0 -14"><span class='ocrx_word' id='word_1_68' title='bbox 180 884 264 944; x_wconf 80' lang='lat' dir='ltr'><strong>atquc</strong></span> <span class='ocrx_word' id='word_1_69' title='bbox 284 878 416 944; x_wconf 88' lang='lat' dir='ltr'><strong>impetum</strong></span> <span class='ocrx_word' id='word_1_70' title='bbox 437 877 558 930; x_wconf 87' lang='lat' dir='ltr'><strong>fluminis</strong></span> <span class='ocrx_word' id='word_1_71' title='bbox 574 893 708 930; x_wconf 82' lang='lat' dir='ltr'><strong>conversa</strong></span> <span class='ocrx_word' id='word_1_72' title='bbox 723 879 873 930; x_wconf 86' lang='lat' dir='ltr'><strong>statuebat.</strong></span> <span class='ocrx_word' id='word_1_73' title='bbox 907 879 987 930; x_wconf 87' lang='lat' dir='ltr'><strong>llaec</strong></span> 
     </span>
    </p>
   </div>
   <div class='ocr_carea' id='block_1_5' title="bbox 180 947 1057 1013">
    <p class='ocr_par' dir='ltr' id='par_1_5' title="bbox 180 947 1057 1013">
     <span class='ocr_line' id='line_1_12' title="bbox 180 947 1057 1013; baseline 0 -15"><span class='ocrx_word' id='word_1_74' title='bbox 180 953 298 1012; x_wconf 87' lang='lat' dir='ltr'><strong>utraque</strong></span> <span class='ocrx_word' id='word_1_75' title='bbox 309 948 420 1012; x_wconf 85' lang='lat' dir='ltr'><strong>insuper</strong></span> <span class='ocrx_word' id='word_1_76' title='bbox 429 947 601 1012; x_wconf 86' lang='lat' dir='ltr'><strong>bipedalibus</strong></span> <span class='ocrx_word' id='word_1_77' title='bbox 612 948 734 998; x_wconf 86' lang='lat' dir='ltr'><strong>trabibus</strong></span> <span class='ocrx_word' id='word_1_78' title='bbox 745 949 888 1010; x_wconf 79' lang='lat' dir='ltr'><strong>immissis,</strong></span> <span class='ocrx_word' id='word_1_79' title='bbox 903 962 988 1013; x_wconf 87' lang='lat' dir='ltr'><strong>quan·</strong></span> <span class='ocrx_word' id='word_1_80' title='bbox 1056 953 1057 960; x_wconf 78' lang='grc'>’</span> 
     </span>
    </p>
   </div>
   <div class='ocr_carea' id='block_1_6' title="bbox 179 1016 1060 2754">
    <p class='ocr_par' dir='ltr' id='par_1_6' title="bbox 180 1016 1060 1982">
     <span class='ocr_line' id='line_1_13' title="bbox 180 1016 987 1082; baseline -0.002 -14"><span class='ocrx_word' id='word_1_81' title='bbox 180 1023 240 1068; x_wconf 85' lang='lat' dir='ltr'><strong>turn</strong></span> <span class='ocrx_word' id='word_1_82' title='bbox 256 1031 351 1066; x_wconf 90' lang='lat' dir='ltr'><strong>eorum</strong></span> <span class='ocrx_word' id='word_1_83' title='bbox 365 1019 505 1082; x_wconf 81' lang='lat' dir='ltr'><strong>tignorum</strong></span> <span class='ocrx_word' id='word_1_84' title='bbox 516 1018 644 1066; x_wconf 83' lang='lat' dir='ltr'><strong>iunctura</strong></span> <span class='ocrx_word' id='word_1_85' title='bbox 654 1016 788 1077; x_wconf 87' lang='lat' dir='ltr'><strong>distabat,</strong></span> <span class='ocrx_word' id='word_1_86' title='bbox 808 1017 878 1066; x_wconf 90' lang='lat' dir='ltr'><strong>binis</strong></span> <span class='ocrx_word' id='word_1_87' title='bbox 890 1018 987 1066; x_wconf 91' lang='lat' dir='ltr'><strong>utrim-</strong></span> 
     </span>
     <span class='ocr_line' id='line_1_14' title="bbox 181 1083 987 1152; baseline 0 -18"><span class='ocrx_word' id='word_1_88' title='bbox 181 1099 235 1152; x_wconf 87' lang='lat' dir='ltr'><strong>que</strong></span> <span class='ocrx_word' id='word_1_89' title='bbox 249 1083 342 1135; x_wconf 88' lang='lat' dir='ltr'><strong>iibulis</strong></span> <span class='ocrx_word' id='word_1_90' title='bbox 358 1084 392 1136; x_wconf 85' lang='lat' dir='ltr'><strong>ab</strong></span> <span class='ocrx_word' id='word_1_91' title='bbox 404 1090 527 1137; x_wconf 72' lang='lat' dir='ltr'><strong>extrema</strong></span> <span class='ocrx_word' id='word_1_92' title='bbox 537 1091 631 1151; x_wconf 88' lang='lat' dir='ltr'><strong>parte,</strong></span> <span class='ocrx_word' id='word_1_93' title='bbox 651 1083 866 1136; x_wconf 84' lang='lat' dir='ltr'><strong>distinebantur:</strong></span> <span class='ocrx_word' id='word_1_94' title='bbox 887 1085 987 1151; x_wconf 91' lang='lat' dir='ltr'><strong>quibus</strong></span> 
     </span>
     <span class='ocr_line' id='line_1_15' title="bbox 181 1153 987 1222; baseline -0.002 -16"><span class='ocrx_word' id='word_1_95' title='bbox 181 1153 308 1206; x_wconf 84' lang='lat' dir='ltr'><strong>disclusis</strong></span> <span class='ocrx_word' id='word_1_96' title='bbox 323 1160 406 1222; x_wconf 87' lang='lat' dir='ltr'><strong>atque</strong></span> <span class='ocrx_word' id='word_1_97' title='bbox 417 1155 444 1204; x_wconf 94' lang='lat' dir='ltr'><strong>in</strong></span> <span class='ocrx_word' id='word_1_98' title='bbox 455 1156 620 1206; x_wconf 84' lang='lat' dir='ltr'><strong>contrariam</strong></span> <span class='ocrx_word' id='word_1_99' title='bbox 632 1159 739 1220; x_wconf 87' lang='lat' dir='ltr'><strong>partem</strong></span> <span class='ocrx_word' id='word_1_100' title='bbox 749 1154 892 1214; x_wconf 79' lang='lat' dir='ltr'><strong>revinctis,</strong></span> <span class='ocrx_word' id='word_1_101' title='bbox 906 1159 987 1204; x_wconf 85' lang='lat' dir='ltr'><strong>tanta</strong></span> 
     </span>
     <span class='ocr_line' id='line_1_16' title="bbox 182 1224 985 1290; baseline -0.005 -14"><span class='ocrx_word' id='word_1_102' title='bbox 182 1229 244 1276; x_wconf 87' lang='lat' dir='ltr'><strong>erat</strong></span> <span class='ocrx_word' id='word_1_103' title='bbox 255 1226 346 1290; x_wconf 90' lang='lat' dir='ltr'><strong>operis</strong></span> <span class='ocrx_word' id='word_1_104' title='bbox 356 1224 496 1276; x_wconf 83' lang='lat' dir='ltr'><strong>firmitudo</strong></span> <span class='ocrx_word' id='word_1_105' title='bbox 508 1230 591 1290; x_wconf 91' lang='lat' dir='ltr'><strong>atque</strong></span> <span class='ocrx_word' id='word_1_106' title='bbox 602 1239 635 1275; x_wconf 86' lang='lat' dir='ltr'><strong>ca</strong></span> <span class='ocrx_word' id='word_1_107' title='bbox 646 1239 739 1276; x_wconf 91' lang='lat' dir='ltr'><strong>rerum</strong></span> <span class='ocrx_word' id='word_1_108' title='bbox 750 1226 864 1284; x_wconf 72' lang='lat' dir='ltr'><strong>natura„</strong></span> <span class='ocrx_word' id='word_1_109' title='bbox 875 1227 919 1282; x_wconf 90' lang='lat' dir='ltr'><strong>nt,</strong></span> <span class='ocrx_word' id='word_1_110' title='bbox 931 1236 985 1288; x_wconf 90' lang='lat' dir='ltr'><strong>quo</strong></span> 
     </span>
     <span class='ocr_line' id='line_1_17' title="bbox 181 1291 987 1360; baseline -0.01 -12"><span class='ocrx_word' id='word_1_111' title='bbox 181 1294 271 1348; x_wconf 77' lang='lat' dir='ltr'><strong>minor</strong></span> <span class='ocrx_word' id='word_1_112' title='bbox 289 1296 333 1344; x_wconf 80' lang='lat' dir='ltr'><strong>uis</strong></span> <span class='ocrx_word' id='word_1_113' title='bbox 353 1309 441 1360; x_wconf 86' lang='lat' dir='ltr'><strong>aquae</strong></span> <span class='ocrx_word' id='word_1_114' title='bbox 458 1309 488 1344; x_wconf 87' lang='lat' dir='ltr'><strong>sc</strong></span> <span class='ocrx_word' id='word_1_115' title='bbox 504 1295 690 1355; x_wconf 87' lang='lat' dir='ltr'><strong>incitavisset,</strong></span> <span class='ocrx_word' id='word_1_116' title='bbox 711 1291 763 1344; x_wconf 84' lang='lat' dir='ltr'><strong>hoc</strong></span> <span class='ocrx_word' id='word_1_117' title='bbox 776 1294 865 1343; x_wconf 86' lang='lat' dir='ltr'><strong>artius</strong></span> <span class='ocrx_word' id='word_1_118' title='bbox 878 1292 987 1358; x_wconf 82' lang='lat' dir='ltr'><strong>illigata</strong></span> 
     </span>
     <span class='ocr_line' id='line_1_18' title="bbox 181 1363 988 1417; baseline -0.002 -3"><span class='ocrx_word' id='word_1_119' title='bbox 181 1368 352 1417; x_wconf 84' lang='lat' dir='ltr'><strong>tenerentur.</strong></span> <span class='ocrx_word' id='word_1_120' title='bbox 388 1365 466 1416; x_wconf 86' lang='lat' dir='ltr'><strong>llaec</strong></span> <span class='ocrx_word' id='word_1_121' title='bbox 485 1363 601 1416; x_wconf 85' lang='lat' dir='ltr'><strong>derecta</strong></span> <span class='ocrx_word' id='word_1_122' title='bbox 616 1365 732 1415; x_wconf 89' lang='lat' dir='ltr'><strong>materie</strong></span> <span class='ocrx_word' id='word_1_123' title='bbox 747 1363 849 1412; x_wconf 83' lang='lat' dir='ltr'><strong>iniecta</strong></span> <span class='ocrx_word' id='word_1_124' title='bbox 859 1368 988 1413; x_wconf 84' lang='lat' dir='ltr'><strong>contexe·</strong></span> 
     </span>
     <span class='ocr_line' id='line_1_19' title="bbox 183 1432 986 1500; baseline 0 -18"><span class='ocrx_word' id='word_1_125' title='bbox 183 1432 285 1483; x_wconf 89' lang='lat' dir='ltr'><strong>bantur</strong></span> <span class='ocrx_word' id='word_1_126' title='bbox 293 1440 330 1484; x_wconf 87' lang='lat' dir='ltr'><strong>-et</strong></span> <span class='ocrx_word' id='word_1_127' title='bbox 340 1433 475 1500; x_wconf 86' lang='lat' dir='ltr'><strong>longuriis</strong></span> <span class='ocrx_word' id='word_1_128' title='bbox 485 1434 662 1500; x_wconf 87' lang='lat' dir='ltr'><strong>cratibusque</strong></span> <span class='ocrx_word' id='word_1_129' title='bbox 673 1433 936 1484; x_wconf 84' lang='lat' dir='ltr'><strong>consternebantur:</strong></span> <span class='ocrx_word' id='word_1_130' title='bbox 954 1446 986 1482; x_wconf 89' lang='lat' dir='ltr'><strong>ac</strong></span> 
     </span>
     <span class='ocr_line' id='line_1_20' title="bbox 182 1500 987 1567; baseline 0.001 -18"><span class='ocrx_word' id='word_1_131' title='bbox 182 1500 267 1558; x_wconf 84' lang='lat' dir='ltr'><strong>nihilo</strong></span> <span class='ocrx_word' id='word_1_132' title='bbox 281 1502 371 1554; x_wconf 84' lang='lat' dir='ltr'><strong>secius</strong></span> <span class='ocrx_word' id='word_1_133' title='bbox 386 1503 509 1556; x_wconf 86' lang='lat' dir='ltr'><strong>sublicae</strong></span> <span class='ocrx_word' id='word_1_134' title='bbox 525 1504 597 1556; x_wconf 89' lang='lat' dir='ltr'><strong>etad</strong></span> <span class='ocrx_word' id='word_1_135' title='bbox 607 1502 768 1554; x_wconf 86' lang='lat' dir='ltr'><strong>inferiorem</strong></span> <span class='ocrx_word' id='word_1_136' title='bbox 782 1507 887 1567; x_wconf 86' lang='lat' dir='ltr'><strong>partem</strong></span> <span class='ocrx_word' id='word_1_137' title='bbox 899 1500 987 1552; x_wconf 87' lang='lat' dir='ltr'><strong>llunri-</strong></span> 
     </span>
     <span class='ocr_line' id='line_1_21' title="bbox 182 1571 986 1640; baseline -0.002 -18"><span class='ocrx_word' id='word_1_138' title='bbox 182 1571 225 1622; x_wconf 89' lang='lat' dir='ltr'><strong>nis</strong></span> <span class='ocrx_word' id='word_1_139' title='bbox 241 1571 535 1639; x_wconf 85' lang='lat' dir='ltr'><strong>obliqueagebantur,</strong></span> <span class='ocrx_word' id='word_1_140' title='bbox 556 1588 640 1640; x_wconf 83' lang='lat' dir='ltr'><strong>quse,</strong></span> <span class='ocrx_word' id='word_1_141' title='bbox 660 1587 710 1638; x_wconf 90' lang='lat' dir='ltr'><strong>pro</strong></span> <span class='ocrx_word' id='word_1_142' title='bbox 724 1573 830 1638; x_wconf 86' lang='lat' dir='ltr'><strong>pariete</strong></span> <span class='ocrx_word' id='word_1_143' title='bbox 846 1571 986 1629; x_wconf 85' lang='lat' dir='ltr'><strong>subiectae</strong></span> 
     </span>
     <span class='ocr_line' id='line_1_22' title="bbox 183 1639 986 1708; baseline -0.002 -16"><span class='ocrx_word' id='word_1_144' title='bbox 183 1646 212 1692; x_wconf 85' lang='lat' dir='ltr'><strong>et</strong></span> <span class='ocrx_word' id='word_1_145' title='bbox 226 1655 288 1692; x_wconf 91' lang='lat' dir='ltr'><strong>cum</strong></span> <span class='ocrx_word' id='word_1_146' title='bbox 305 1642 379 1692; x_wconf 92' lang='lat' dir='ltr'><strong>omni</strong></span> <span class='ocrx_word' id='word_1_147' title='bbox 391 1657 476 1708; x_wconf 89' lang='lat' dir='ltr'><strong>opere</strong></span> <span class='ocrx_word' id='word_1_148' title='bbox 487 1644 662 1704; x_wconf 88' lang='lat' dir='ltr'><strong>coniunctae,</strong></span> <span class='ocrx_word' id='word_1_149' title='bbox 684 1643 737 1692; x_wconf 80' lang='lat' dir='ltr'><strong>viui</strong></span> <span class='ocrx_word' id='word_1_150' title='bbox 748 1640 869 1693; x_wconf 84' lang='lat' dir='ltr'><strong>ilunrinis</strong></span> <span class='ocrx_word' id='word_1_151' title='bbox 880 1639 986 1704; x_wconf 82' lang='lat' dir='ltr'><strong>excipe·</strong></span> 
     </span>
     <span class='ocr_line' id='line_1_23' title="bbox 182 1710 986 1777; baseline -0.004 -17"><span class='ocrx_word' id='word_1_152' title='bbox 182 1713 259 1760; x_wconf 83' lang='lat' dir='ltr'><strong>rent:</strong></span> <span class='ocrx_word' id='word_1_153' title='bbox 280 1715 309 1762; x_wconf 89' lang='lat' dir='ltr'><strong>ct</strong></span> <span class='ocrx_word' id='word_1_154' title='bbox 318 1710 390 1762; x_wconf 82' lang='lat' dir='ltr'><strong>aliae</strong></span> <span class='ocrx_word' id='word_1_155' title='bbox 401 1713 467 1762; x_wconf 92' lang='lat' dir='ltr'><strong>item</strong></span> <span class='ocrx_word' id='word_1_156' title='bbox 477 1726 560 1777; x_wconf 86' lang='lat' dir='ltr'><strong>supra</strong></span> <span class='ocrx_word' id='word_1_157' title='bbox 572 1718 681 1777; x_wconf 89' lang='lat' dir='ltr'><strong>pontem</strong></span> <span class='ocrx_word' id='word_1_158' title='bbox 693 1711 824 1762; x_wconf 88' lang='lat' dir='ltr'><strong>mediocri</strong></span> <span class='ocrx_word' id='word_1_159' title='bbox 833 1711 935 1776; x_wconf 88' lang='lat' dir='ltr'><strong>spatio,</strong></span> <span class='ocrx_word' id='word_1_160' title='bbox 947 1713 986 1770; x_wconf 88' lang='lat' dir='ltr'><strong>ut,</strong></span> 
     </span>
     <span class='ocr_line' id='line_1_24' title="bbox 183 1778 988 1846; baseline 0.001 -19"><span class='ocrx_word' id='word_1_161' title='bbox 183 1778 207 1828; x_wconf 93' lang='lat' dir='ltr'><strong>si</strong></span> <span class='ocrx_word' id='word_1_162' title='bbox 224 1779 355 1829; x_wconf 89' lang='lat' dir='ltr'><strong>arborum</strong></span> <span class='ocrx_word' id='word_1_163' title='bbox 371 1781 461 1831; x_wconf 90' lang='lat' dir='ltr'><strong>trunci</strong></span> <span class='ocrx_word' id='word_1_164' title='bbox 477 1781 534 1832; x_wconf 88' lang='lat' dir='ltr'><strong>sive</strong></span> <span class='ocrx_word' id='word_1_165' title='bbox 545 1795 627 1832; x_wconf 85' lang='lat' dir='ltr'><strong>naves</strong></span> <span class='ocrx_word' id='word_1_166' title='bbox 637 1779 783 1831; x_wconf 87' lang='lat' dir='ltr'><strong>deiiciendi</strong></span> <span class='ocrx_word' id='word_1_167' title='bbox 795 1780 884 1846; x_wconf 87' lang='lat' dir='ltr'><strong>operis</strong></span> <span class='ocrx_word' id='word_1_168' title='bbox 895 1784 988 1830; x_wconf 85' lang='lat' dir='ltr'><strong>essent</strong></span> 
     </span>
     <span class='ocr_line' id='line_1_25' title="bbox 183 1846 1060 1926; baseline 0 -28"><span class='ocrx_word' id='word_1_169' title='bbox 183 1861 202 1898; x_wconf 83' lang='lat' dir='ltr'><strong>a</strong></span> <span class='ocrx_word' id='word_1_170' title='bbox 214 1846 341 1926; x_wconf 85' lang='lat' dir='ltr'><strong>barbaris</strong></span> <span class='ocrx_word' id='word_1_171' title='bbox 352 1849 466 1911; x_wconf 87' lang='lat' dir='ltr'><strong>missae,</strong></span> <span class='ocrx_word' id='word_1_172' title='bbox 486 1848 529 1900; x_wconf 86' lang='lat' dir='ltr'><strong>his</strong></span> <span class='ocrx_word' id='word_1_173' title='bbox 538 1849 729 1900; x_wconf 81' lang='lat' dir='ltr'><strong>defensoribus</strong></span> <span class='ocrx_word' id='word_1_174' title='bbox 740 1864 836 1901; x_wconf 88' lang='lat' dir='ltr'><strong>earum</strong></span> <span class='ocrx_word' id='word_1_175' title='bbox 845 1863 938 1902; x_wconf 88' lang='lat' dir='ltr'><strong>rerum</strong></span> <span class='ocrx_word' id='word_1_176' title='bbox 947 1849 987 1898; x_wconf 80' lang='lat' dir='ltr'><strong>uis</strong></span> <span class='ocrx_word' id='word_1_177' title='bbox 1058 1901 1060 1924; x_wconf 53' lang='grc' dir='ltr'>Ι</span> 
     </span>
     <span class='ocr_line' id='line_1_26' title="bbox 183 1920 675 1982; baseline 0.008 -16"><span class='ocrx_word' id='word_1_178' title='bbox 183 1922 374 1981; x_wconf 72' lang='lat' dir='ltr'><strong>nuinueretur,</strong></span> <span class='ocrx_word' id='word_1_179' title='bbox 383 1933 436 1968; x_wconf 91' lang='lat' dir='ltr'><strong>neu</strong></span> <span class='ocrx_word' id='word_1_180' title='bbox 446 1920 523 1982; x_wconf 93' lang='lat' dir='ltr'><strong>ponti</strong></span> <span class='ocrx_word' id='word_1_181' title='bbox 534 1925 675 1971; x_wconf 88' lang='lat' dir='ltr'><strong>nocerent.</strong></span> 
     </span>
    </p>

    <p class='ocr_par' dir='ltr' id='par_1_7' title="bbox 179 1985 1060 2760">
     <span class='ocr_line' id='line_1_27' title="bbox 179 1985 987 2055; baseline -0.002 -15"><span class='ocrx_word' id='word_1_182' title='bbox 179 2035 181 2040; x_wconf 92' lang='lat'><em>.</em></span> <span class='ocrx_word' id='word_1_183' title='bbox 238 1985 340 2038; x_wconf 83' lang='lat' dir='ltr'><strong>XVlll.</strong></span> <span class='ocrx_word' id='word_1_184' title='bbox 374 1986 479 2038; x_wconf 78' lang='lat' dir='ltr'><strong>Diebus</strong></span> <span class='ocrx_word' id='word_1_185' title='bbox 496 1988 608 2051; x_wconf 86' lang='lat' dir='ltr'><strong>decem,</strong></span> <span class='ocrx_word' id='word_1_186' title='bbox 634 1989 734 2055; x_wconf 88' lang='lat' dir='ltr'><strong>quibus</strong></span> <span class='ocrx_word' id='word_1_187' title='bbox 753 1989 871 2042; x_wconf 84' lang='lat' dir='ltr'><strong>materia</strong></span> <span class='ocrx_word' id='word_1_188' title='bbox 890 1991 987 2054; x_wconf 87' lang='lat' dir='ltr'><strong>coepta</strong></span> 
     </span>
     <span class='ocr_line' id='line_1_28' title="bbox 186 2057 988 2123; baseline 0.001 -18"><span class='ocrx_word' id='word_1_189' title='bbox 186 2060 247 2106; x_wconf 89' lang='lat' dir='ltr'><strong>erat</strong></span> <span class='ocrx_word' id='word_1_190' title='bbox 257 2058 435 2122; x_wconf 89' lang='lat' dir='ltr'><strong>comportari,</strong></span> <span class='ocrx_word' id='word_1_191' title='bbox 447 2062 521 2107; x_wconf 89' lang='lat' dir='ltr'><strong>omni</strong></span> <span class='ocrx_word' id='word_1_192' title='bbox 533 2072 616 2123; x_wconf 89' lang='lat' dir='ltr'><strong>opere</strong></span> <span class='ocrx_word' id='word_1_193' title='bbox 628 2057 739 2121; x_wconf 81' lang='lat' dir='ltr'><strong>effecto,</strong></span> <span class='ocrx_word' id='word_1_194' title='bbox 751 2060 889 2110; x_wconf 86' lang='lat' dir='ltr'><strong>exercitus</strong></span> <span class='ocrx_word' id='word_1_195' title='bbox 899 2062 988 2108; x_wconf 89' lang='lat' dir='ltr'><strong>trans-</strong></span> 
     </span>
     <span class='ocr_line' id='line_1_29' title="bbox 184 2123 986 2194; baseline 0.004 -20"><span class='ocrx_word' id='word_1_196' title='bbox 184 2123 303 2175; x_wconf 89' lang='lat' dir='ltr'><strong>ducitur.</strong></span> <span class='ocrx_word' id='word_1_197' title='bbox 342 2126 454 2189; x_wconf 86' lang='lat' dir='ltr'><strong>Caesar,</strong></span> <span class='ocrx_word' id='word_1_198' title='bbox 474 2127 508 2177; x_wconf 86' lang='lat' dir='ltr'><strong>ad</strong></span> <span class='ocrx_word' id='word_1_199' title='bbox 524 2132 670 2194; x_wconf 88' lang='lat' dir='ltr'><strong>utramque</strong></span> <span class='ocrx_word' id='word_1_200' title='bbox 685 2135 792 2194; x_wconf 84' lang='lat' dir='ltr'><strong>partem</strong></span> <span class='ocrx_word' id='word_1_201' title='bbox 804 2129 895 2194; x_wconf 88' lang='lat' dir='ltr'><strong>pontis</strong></span> <span class='ocrx_word' id='word_1_202' title='bbox 905 2130 986 2178; x_wconf 83' lang='lat' dir='ltr'><strong>firmo</strong></span> 
     </span>
     <span class='ocr_line' id='line_1_30' title="bbox 184 2194 986 2264; baseline -0.002 -16"><span class='ocrx_word' id='word_1_203' title='bbox 184 2194 323 2261; x_wconf 80' lang='lat' dir='ltr'><strong>praesidio</strong></span> <span class='ocrx_word' id='word_1_204' title='bbox 342 2194 454 2258; x_wconf 89' lang='lat' dir='ltr'><strong>relicto,</strong></span> <span class='ocrx_word' id='word_1_205' title='bbox 477 2198 505 2247; x_wconf 93' lang='lat' dir='ltr'><strong>in</strong></span> <span class='ocrx_word' id='word_1_206' title='bbox 523 2197 593 2248; x_wconf 88' lang='lat' dir='ltr'><strong>lines</strong></span> <span class='ocrx_word' id='word_1_207' title='bbox 607 2196 814 2264; x_wconf 83' lang='lat' dir='ltr'><strong>Sigambrorunr</strong></span> <span class='ocrx_word' id='word_1_208' title='bbox 834 2197 986 2248; x_wconf 89' lang='lat' dir='ltr'><strong>contendit.</strong></span> 
     </span>
     <span class='ocr_line' id='line_1_31' title="bbox 183 2263 986 2332; baseline -0.001 -16"><span class='ocrx_word' id='word_1_209' title='bbox 183 2263 298 2316; x_wconf 87' lang='lat' dir='ltr'><strong>Interim</strong></span> <span class='ocrx_word' id='word_1_210' title='bbox 328 2280 345 2315; x_wconf 87' lang='lat' dir='ltr'><strong>a</strong></span> <span class='ocrx_word' id='word_1_211' title='bbox 369 2265 555 2331; x_wconf 90' lang='lat' dir='ltr'><strong>compluribus</strong></span> <span class='ocrx_word' id='word_1_212' title='bbox 584 2267 738 2319; x_wconf 81' lang='lat' dir='ltr'><strong>ciuitatibus</strong></span> <span class='ocrx_word' id='word_1_213' title='bbox 764 2267 799 2318; x_wconf 88' lang='lat' dir='ltr'><strong>ad</strong></span> <span class='ocrx_word' id='word_1_214' title='bbox 814 2281 882 2318; x_wconf 88' lang='lat' dir='ltr'><strong>eum</strong></span> <span class='ocrx_word' id='word_1_215' title='bbox 902 2264 986 2332; x_wconf 75' lang='lat' dir='ltr'><strong>legati</strong></span> 
     </span>
     <span class='ocr_line' id='line_1_32' title="bbox 184 2335 987 2403; baseline 0.006 -21"><span class='ocrx_word' id='word_1_216' title='bbox 184 2335 312 2396; x_wconf 75' lang='lat' dir='ltr'><strong>veniunt,</strong></span> <span class='ocrx_word' id='word_1_217' title='bbox 332 2335 432 2402; x_wconf 88' lang='lat' dir='ltr'><strong>quibus</strong></span> <span class='ocrx_word' id='word_1_218' title='bbox 450 2350 546 2403; x_wconf 88' lang='lat' dir='ltr'><strong>pacem</strong></span> <span class='ocrx_word' id='word_1_219' title='bbox 565 2341 647 2403; x_wconf 79' lang='lat' dir='ltr'><strong>atque</strong></span> <span class='ocrx_word' id='word_1_220' title='bbox 668 2336 818 2388; x_wconf 88' lang='lat' dir='ltr'><strong>amicitiam</strong></span> <span class='ocrx_word' id='word_1_221' title='bbox 830 2337 987 2403; x_wconf 86' lang='lat' dir='ltr'><strong>petentibus</strong></span> 
     </span>
     <span class='ocr_line' id='line_1_33' title="bbox 184 2400 988 2472; baseline 0.007 -21"><span class='ocrx_word' id='word_1_222' title='bbox 184 2400 341 2456; x_wconf 87' lang='lat' dir='ltr'><strong>liberaliter</strong></span> <span class='ocrx_word' id='word_1_223' title='bbox 370 2405 512 2470; x_wconf 87' lang='lat' dir='ltr'><strong>respondit</strong></span> <span class='ocrx_word' id='word_1_224' title='bbox 538 2406 702 2472; x_wconf 86' lang='lat' dir='ltr'><strong>obsidesque</strong></span> <span class='ocrx_word' id='word_1_225' title='bbox 722 2404 806 2456; x_wconf 88' lang='lat' dir='ltr'><strong>adse</strong></span> <span class='ocrx_word' id='word_1_226' title='bbox 828 2405 928 2457; x_wconf 87' lang='lat' dir='ltr'><strong>adduci</strong></span> <span class='ocrx_word' id='word_1_227' title='bbox 947 2407 988 2457; x_wconf 90' lang='lat' dir='ltr'><strong>iu-</strong></span> 
     </span>
     <span class='ocr_line' id='line_1_34' title="bbox 182 2467 988 2543; baseline 0.004 -22"><span class='ocrx_word' id='word_1_228' title='bbox 182 2467 252 2522; x_wconf 47' lang='lat' dir='ltr'><strong>bete⁴</strong></span> <span class='ocrx_word' id='word_1_229' title='bbox 275 2471 467 2541; x_wconf 74' lang='lat' dir='ltr'><strong>sisigambis</strong></span> <span class='ocrx_word' id='word_1_230' title='bbox 493 2490 528 2526; x_wconf 83' lang='lat' dir='ltr'><strong>ex</strong></span> <span class='ocrx_word' id='word_1_231' title='bbox 552 2491 585 2527; x_wconf 92' lang='lat' dir='ltr'><strong>eo</strong></span> <span class='ocrx_word' id='word_1_232' title='bbox 609 2480 748 2541; x_wconf 89' lang='lat' dir='ltr'><strong>tempore,</strong></span> <span class='ocrx_word' id='word_1_233' title='bbox 775 2490 830 2543; x_wconf 92' lang='lat' dir='ltr'><strong>quo</strong></span> <span class='ocrx_word' id='word_1_234' title='bbox 857 2488 926 2540; x_wconf 92' lang='lat' dir='ltr'><strong>pons</strong></span> <span class='ocrx_word' id='word_1_235' title='bbox 948 2475 988 2524; x_wconf 88' lang='lat' dir='ltr'><strong>in·</strong></span> 
     </span>
     <span class='ocr_line' id='line_1_35' title="bbox 184 2541 987 2612; baseline 0.005 -23"><span class='ocrx_word' id='word_1_236' title='bbox 184 2541 264 2592; x_wconf 85' lang='lat' dir='ltr'><strong>stitui</strong></span> <span class='ocrx_word' id='word_1_237' title='bbox 288 2549 403 2608; x_wconf 88' lang='lat' dir='ltr'><strong>coeptus</strong></span> <span class='ocrx_word' id='word_1_238' title='bbox 427 2548 483 2606; x_wconf 88' lang='lat' dir='ltr'><strong>est,</strong></span> <span class='ocrx_word' id='word_1_239' title='bbox 516 2542 583 2612; x_wconf 81' lang='lat' dir='ltr'><strong>iuga</strong></span> <span class='ocrx_word' id='word_1_240' title='bbox 608 2551 779 2612; x_wconf 87' lang='lat' dir='ltr'><strong>comparata,</strong></span> <span class='ocrx_word' id='word_1_241' title='bbox 813 2543 987 2596; x_wconf 86' lang='lat' dir='ltr'><strong>hortantibus</strong></span> 
     </span>
     <span class='ocr_line' id='line_1_36' title="bbox 183 2607 1060 2682; baseline 0.007 -24"><span class='ocrx_word' id='word_1_242' title='bbox 183 2607 233 2670; x_wconf 84' lang='lat' dir='ltr'><strong>iis,</strong></span> <span class='ocrx_word' id='word_1_243' title='bbox 252 2625 320 2676; x_wconf 89' lang='lat' dir='ltr'><strong>quos</strong></span> <span class='ocrx_word' id='word_1_244' title='bbox 334 2627 368 2664; x_wconf 85' lang='lat' dir='ltr'><strong>ex</strong></span> <span class='ocrx_word' id='word_1_245' title='bbox 384 2613 568 2666; x_wconf 77' lang='lat' dir='ltr'><strong>&#39;lcrrcbtheris</strong></span> <span class='ocrx_word' id='word_1_246' title='bbox 587 2619 670 2682; x_wconf 89' lang='lat' dir='ltr'><strong>atque</strong></span> <span class='ocrx_word' id='word_1_247' title='bbox 686 2614 842 2680; x_wconf 85' lang='lat' dir='ltr'><strong>Usipetibus</strong></span> <span class='ocrx_word' id='word_1_248' title='bbox 862 2612 936 2680; x_wconf 89' lang='lat' dir='ltr'><strong>apud</strong></span> <span class='ocrx_word' id='word_1_249' title='bbox 956 2627 986 2664; x_wconf 88' lang='lat' dir='ltr'><strong>se</strong></span> <span class='ocrx_word' id='word_1_250' title='bbox 1059 2645 1060 2652; x_wconf 26' lang='grc' dir='ltr'><strong>κ</strong></span> 
     </span>
     <span class='ocr_line' id='line_1_37' title="bbox 184 2671 985 2754; baseline 0.007 -27"><span class='ocrx_word' id='word_1_251' title='bbox 184 2671 337 2743; x_wconf 83' lang='lat' dir='ltr'><strong>habebant,</strong></span> <span class='ocrx_word' id='word_1_252' title='bbox 363 2682 463 2733; x_wconf 85' lang='lat' dir='ltr'><strong>linibus</strong></span> <span class='ocrx_word' id='word_1_253' title='bbox 482 2685 540 2734; x_wconf 89' lang='lat' dir='ltr'><strong>suis</strong></span> <span class='ocrx_word' id='word_1_254' title='bbox 560 2690 750 2749; x_wconf 81' lang='lat' dir='ltr'><strong>excesserant,</strong></span> <span class='ocrx_word' id='word_1_255' title='bbox 769 2695 875 2754; x_wconf 75' lang='lat' dir='ltr'><strong>suaque</strong></span> <span class='ocrx_word' id='word_1_256' title='bbox 894 2681 985 2734; x_wconf 86' lang='lat' dir='ltr'><strong>omnia</strong></span> 
     </span>
    </p>
   </div>
   <div class='ocr_carea' id='block_1_7' title="bbox 0 0 1085 3124">
    <p class='ocr_par' dir='ltr' id='par_1_8' title="bbox 0 0 1085 3124">
     <span class='ocr_line' id='line_1_38' title="bbox 0 0 1085 3124; baseline 0 0"><span class='ocrx_word' id='word_1_257' title='bbox 0 0 1085 3124; x_wconf 95' lang='lat' dir='ltr'><strong> </strong></span> 
     </span>
    </p>
   </div>
  </div>
 </body>
</html>
