2134 3148
200 218 255 272 dit)
384 220 416 271 Δ.
433 216 578 271 illurn
595 216 651 270 bu
676 214 820 270 Bubbo

130 341 134 348 ’
199 321 350 392 suppliciot
368 320 471 374 deinde
481 323 611 389 protinus
621 321 728 372 Uticam
742 318 919 389 perveniunt.
954 318 1004 372 Su.

199 395 311 462 periore
326 397 453 460 tempore
469 393 509 442 Μ.
520 392 604 454 Cato,
625 391 699 459 quod
712 392 742 442 in
754 390 928 442 Uticensibus
943 405 1007 458 pro·

199 470 263 532 pter
282 463 449 514 beneficium
470 462 542 529 legis
562 461 653 512 iuliae
677 475 777 529 parum
797 460 857 510 suis
876 459 1005 525 partibus

199 531 331 600 praesidii
343 547 406 583 esse
418 533 642 594 existimarerat,
661 531 771 597 piebem
782 532 917 580 inermem
928 529 1006 596 oppi-

199 601 237 654 do
249 604 380 663 eiecerat,
391 607 420 652 et
429 607 495 653 ante
506 607 615 668 portam
622 600 755 652 Reliicam
766 599 864 651 eastris
874 598 1007 665 fossaque

200 672 318 740 parvula
328 671 474 722 dumtaxat
484 671 633 732 munierat,
642 671 735 740 ibique
747 669 881 721 custodiis
892 669 967 720 circu
972 684 1007 717 rn-

200 741 282 802 datis,
304 739 432 792 habiture
443 746 591 809 coegerat:
611 747 739 792 senatum
750 745 843 789 autem
856 737 953 806 oppidi
963 752 1009 788 cu·

199 810 294 864 stodia
312 811 437 862 tenebat.
472 812 579 862 Eorum
599 815 693 861 eastra
702 812 722 861 ii
738 809 847 876 equites
858 808 952 858 adorti
964 821 1008 858 ex·

200 895 325 948 pugnare
336 887 505 946 coeperunt,
525 879 590 931 ideo
600 879 674 948 quod
686 894 734 932 cos
744 878 870 947 partibus
880 877 1009 928 caesano

201 950 304 1002 favisse
315 950 450 1012 sciebant,
470 956 513 1013 ut,
534 951 576 1001 eis
586 948 756 1010 interfectis,
776 963 872 1000 eorum
882 947 1009 1014 pernicie

195 1018 327 1070 dolorem
343 1033 422 1068 suum
440 1018 651 1071 ulciscerentur.
687 1019 840 1079 Uticenses,
856 1018 952 1070 animo
963 1016 1010 1068 ud-

200 1087 262 1140 dito
275 1103 309 1139 ex
320 1087 446 1140 caesaris
456 1089 583 1152 victoria,
593 1089 733 1155 lapidibus
744 1087 922 1154 fustibusque
933 1087 1010 1156 equi·

200 1167 245 1214 tes
256 1156 430 1224 repulerunt.
457 1155 554 1226 ltaque
566 1167 746 1226 posteaquam
756 1163 1009 1224 castranonpotu·
1048 1159 1049 1166 ’

202 1233 283 1283 erant
292 1228 387 1294 potiri,
397 1226 506 1279 Uticam
516 1243 546 1279 se
556 1228 585 1278 in
595 1230 726 1296 oppidum
736 1229 916 1287 coniecerunt
925 1232 1010 1293 atque

201 1297 241 1350 ibi
253 1297 357 1350 multos
369 1297 516 1350 Uticenses
531 1298 735 1352 interfecerunt
748 1296 900 1364 domosque
911 1309 1010 1348 eorum

202 1373 437 1435 expugnaverunt
458 1382 491 1419 ac
505 1367 690 1434 diripuerunt.
724 1368 832 1432 Quibus
842 1380 927 1433 quum
939 1365 1010 1416 Cute

202 1436 373 1505 persuadere
389 1437 467 1490 nulla
483 1439 592 1489 ratione
607 1439 714 1505 quiret,
732 1441 764 1489 ut
774 1450 866 1488 secum
878 1435 1011 1502 oppidum

203 1505 388 1559 defenderent
409 1515 439 1560 et
457 1507 544 1559 caede
571 1509 731 1576 rapinisque
755 1505 941 1570 desisterent;
974 1511 1013 1568 et,
1050 1561 1051 1570 ἵ

202 1575 269 1644 quid
281 1577 334 1628 sibi
345 1577 459 1639 vellent,
471 1579 570 1639 sciret;
587 1577 727 1630 sedandae
739 1591 836 1629 eorum
847 1576 1016 1641 importuni·
1050 1581 1051 1592 ¹

204 1647 271 1697 tatis
308 1647 380 1696 retia
393 1646 512 1715 singulis
526 1645 574 1698 HS
589 1647 610 1697 G
626 1646 730 1698 divisit.
765 1645 841 1700 idem
852 1643 933 1696 Suus
941 1645 1015 1696 Fau·

204 1721 265 1765 stus
287 1661 353 1766 fecit
368 1730 401 1766 uc
417 1715 452 1768 de
472 1731 523 1770 sua
542 1717 660 1782 pecunia
678 1715 800 1784 largitus
819 1720 874 1768 cst:
897 1729 1015 1783 unaque

204 1798 266 1834 cum
281 1782 324 1903 iisd
331 1784 366 1835 ab
384 1784 466 1837 Utica
484 1786 672 1854 proficiscitur
692 1792 777 1855 atquc
792 1786 822 1838 iu
838 1799 961 1853 regnum
971 1785 1016 1837 ire

204 1857 305 1904 conten
327 1854 357 1903 it.

255 1919 434 1975 Lxxxvrn.
453 1921 616 1990 Complures
636 1925 751 1977 interim
766 1939 802 1976 ex
821 1922 890 1993 fuge
905 1923 1017 1976 Uticam

203 1991 381 2060 perveniunt.
411 1991 493 2054 Quos
505 2007 601 2045 omnes
612 1994 682 2047 Cato
695 1999 869 2055 convocatos,
884 2008 941 2044 una
952 2009 1018 2046 cum

205 2063 350 2125 trecentis,
372 2062 419 2130 qui
439 2063 582 2130 pecuniam
600 2062 723 2130 Scipioni
738 2065 774 2116 ad
789 2063 893 2116 bellum
909 2063 1018 2116 facien·

205 2129 271 2184 dum
286 2131 474 2195 contulerant,
495 2130 634 2198 hortetur,
654 2140 687 2184 ut
705 2136 822 2187 servitia
836 2133 1018 2186 manumitte·

204 2207 270 2254 rent
283 2202 468 2270 oppidumque
485 2201 676 2255 defenderent
712 2204 837 2267 Quorum
848 2217 934 2270 quum
950 2217 1017 2269 par·

203 2277 262 2325 tem
273 2271 426 2334 adsentire,
438 2277 545 2338 partem
557 2273 680 2324 ursimum
692 2279 868 2341 mentemque
880 2273 1019 2338 perterri-

203 2346 262 2392 tam
274 2347 358 2423 atquc
369 2341 398 2392 in
410 2339 507 2409 fugem
518 2341 687 2426 destinatam
696 2341 799 2394 habere
809 2341 1018 2406 intellexissem

203 2409 1020 2549 tibitibi&iiiimxiiidistendisti&

204 2553 261 2597 tur.
296 2545 370 2614 lpse,
386 2549 513 2600 omnibus
524 2550 607 2602 rebus
618 2549 830 2619 diligentissime
841 2551 1021 2616 constitutis,

203 2611 301 2665 liberis
311 2617 368 2666 suis
379 2616 412 2668 L.
425 2619 547 2681 Caesari,
563 2619 681 2685 quitum
693 2621 781 2687 cipro
792 2626 941 2689 quaestore
953 2617 1018 2674 fue·

204 2686 258 2741 ret,
269 2684 477 2746 commendetis,
488 2692 517 2737 et
527 2688 587 2738 sine
599 2689 769 2754 suspicione,
779 2691 949 2759 vultuatque
957 2705 1022 2742 scr·

204 2759 297 2811 mone,
309 2764 363 2820 quo
374 2753 518 2818 superiore
529 2760 656 2825 tempore
667 2775 735 2812 usus
745 2759 847 2825 iuerat,
857 2773 943 2830 quum
948 2757 1020 2813 dor·
