2150 3124
183 176 217 228 u
372 173 429 227 nu
450 147 804 231 uunuocnuurco'

182 280 303 345 spectari
313 279 396 331 etiam
407 281 441 331 ab
451 277 494 330 bis
504 279 709 332 Aduatueorum
721 283 916 348 copiae-atque
927 295 987 334 csse

181 349 210 414 in
221 349 332 410 itinere:
353 348 497 412 mulieres,
516 351 617 417 quique
629 365 678 415 per
689 355 809 402 aetatem
820 351 856 402 ad
866 366 986 418 pugnam

181 419 298 483 inutiles·
314 419 490 482 viderentur,
512 422 540 469 in
559 435 624 480 eum
640 419 731 476 locum
747 423 911 484 coniecisse,
932 435 986 487 quo

181 495 295 554 propter
305 488 419 554 paludes
430 489 564 541 exercitui
574 489 667 541 aditus
676 503 731 540 non
741 499 822 541 esset.

234 557 319 610 XVll.
355 559 407 609 His
425 557 508 610 rebus
527 559 660 624 cognitis,
684 559 873 623 exploratores
894 566 987 611 centu·
1060 593 1061 618 ᾖ

181 619 331 694 ¹tionesque,
345 630 499 694 praemittit
505 665 515 690 „
529 631 583 696 qui„
594 628 685 678 locum
695 628 823 680 idoneum
836 630 932 680 castris
943 627 988 680 de·
1060 621 1061 630 ’

180 695 278 764 ligant.
315 698 461 765 Quumque
487 711 521 756 ex
546 697 682 754 dediticiis
701 698 795 766 Belgis
819 699 987 765 reliquisque

181 767 271 826 Gallis
281 766 447 833 complures,
453 768 599 824 Caesarem
608 769 711 828 secuti,
722 783 778 818 una
787 769 841 818 iter
852 767 987 818 facerent:

180 837 294 904 quidam
315 852 349 888 ex
369 835 435 900 his,
445 843 476 887 ut
495 841 591 902 postea
605 850 640 890 ex
655 837 770 902 captivis
784 839 924 903 cognitum
935 843 988 898 est,

180 922 277 964 eorum
298 906 404 958 dierum
426 905 624 964 consuetudine
634 906 742 962 itineris
754 909 841 957 nostri
852 908 989 957 exercitus

180 982 336 1044 perspecta,
344 981 426 1032 nocte
435 974 469 1026 ad
481 973 597 1028 Nervios
607 981 794 1038 pervenerunt
804 977 932 1042 atqueiin
943 976 991 1026 de·

180 1051 384 1106 monstrarunt,
402 1047 476 1096 inter
495 1043 616 1110 singulas
636 1043 760 1110 legiones
777 1045 990 1110 impedimento·

181 1131 244 1167 rum
255 1129 384 1181 magnum
395 1113 733 1178 numerumintercedere,
743 1130 832 1182 neque
843 1130 903 1166 csse
914 1114 990 1184 quiri-

100 1213 102 1228 ι
181 1199 264 1252 quum
276 1185 388 1250 negotii,
398 1199 481 1251 quum
493 1185 580 1248 prima
590 1182 663 1250 legio
673 1185 702 1234 in
713 1191 805 1236 castra
815 1186 935 1236 venisset
945 1198 990 1234 re·

181 1255 328 1322 liquaeque
343 1253 467 1320 legiones
482 1267 612 1320 magnum
628 1255 747 1319 spatium
758 1253 899 1316 abessent,
920 1251 992 1302 banc

182 1325 232 1386 sub
239 1324 354 1374 sarcinis
365 1324 482 1376 adoriri:
495 1338 548 1390 qua
560 1322 909 1391 pulsaimpedimentisque
919 1323 991 1382 dire-

183 1396 252 1460 ptis,
273 1393 411 1457 futurum,
430 1398 461 1443 ut
476 1393 601 1460 reliquae
612 1399 709 1444 contra
719 1395 869 1444 consistere
878 1407 933 1442 non
945 1406 992 1441 au·

184 1465 292 1515 cierent.
327 1464 482 1515 Adiuvabat
493 1463 575 1514 etiam
586 1477 683 1514 eorum
694 1462 853 1532 consilium,
866 1463 920 1526 qui
932 1475 991 1510 rem

185 1533 359 1595 deserebant,
380 1534 454 1601 quod
465 1533 560 1584 Nervii
576 1534 744 1600 antiquitus,
758 1547 848 1599 quum
864 1533 992 1599 equitatu

184 1601 254 1664 nihil
267 1609 390 1669 possent,
412 1607 512 1670 (neque
527 1603 599 1653 enim
613 1602 648 1652 ad
663 1601 716 1652 hoc
725 1607 839 1667 tempus
849 1602 874 1652 ei
884 1601 925 1652 rei
936 1604 992 1648 stu·

186 1673 326 1734 dent‚sed‚
332 1672 462 1740 quidquid
474 1670 875 1739 possunt,pe‹lestribusvalent
886 1670 993 1736 copiis)

184 1758 239 1808 quo
266 1742 374 1792 facilius
394 1743 574 1796 finitimorum
595 1740 764 1807 equitatum,
794 1741 817 1789 si
839 1739 993 1805 praedandi

185 1825 284 1862 caussa
294 1810 329 1860 ad
341 1825 387 1861 eos
397 1811 531 1871 venisset,
542 1810 836 1874 impedirent,=teneris
846 1811 993 1861 arboribus

184 1881 278 1930 incisis
293 1885 376 1946 atque
387 1878 508 1943 inflexis,
529 1879 632 1930 crebris
642 1880 671 1928 in
682 1877 857 1931 latitudinem
868 1883 952 1930 raonis
964 1885 994 1931 et

183 1949 261 2000 rubis
271 1951 451 2016 sentibusque
462 1949 615 2000 interiectis
626 1947 783 2011 effecerant,
794 1955 827 1999 ut
836 1951 925 2002 instar
935 1964 992 2000 mu-

183 2019 208 2074 ri
224 2015 276 2068 hoe
291 2033 370 2085 sepes
388 2019 557 2069 munimenta
571 2019 748 2084 praeberent3
769 2034 823 2086 quo
839 2034 894 2070 non
910 2020 994 2070 modo

184 2089 297 2149 intrari,
317 2089 367 2139 sed
386 2104 421 2140 ne
440 2089 557 2154 perspici
580 2087 689 2155 quidem
705 2095 807 2154 posset.
841 2091 894 2140 His
909 2090 993 2140 rebus

184 2173 269 2226 quum
285 2159 471 2224 iteragminis
487 2159 574 2208 nostri
585 2158 778 2224 impediretur,
799 2173 855 2210 non
866 2159 994 2211 omitten-

185 2229 251 2279 dum
263 2229 314 2278 sibi
327 2228 472 2280 consilium
481 2227 579 2280 vNervii
590 2229 814 2279 aestimaverunt.

192 2335 196 2342 -
235 2299 337 2351 xviri,
374 2298 444 2350 Loci
458 2303 558 2354 natura
575 2296 728 2359 mathaee,
749 2314 829 2366 quem
840 2297 933 2351 locum
945 2313 993 2349 no-

183 2371 233 2420 stri
245 2370 344 2420 castris
354 2369 524 2436 delegerant.
560 2367 659 2430 Collis,
675 2369 708 2418 ab
718 2383 825 2418 summo
837 2368 993 2436 aequaliter

184 2439 312 2500 declivis,
329 2439 363 2490 ad
372 2437 473 2490 flumen
486 2436 591 2499 Sabim,
603 2437 676 2504 quod
687 2451 771 2503 supra
781 2440 992 2500 nominavimus,

182 2510 322 2576 vergebat.
357 2510 398 2562 Ab
418 2523 451 2560 eo
472 2506 584 2558 llumine
598 2509 657 2572 pari
673 2507 831 2558 adclivitatc
848 2507 928 2558 collis
945 2522 991 2557 na-

183 2578 326 2642 scebatur,
341 2579 472 2630 adversus
484 2577 547 2629 huic
559 2583 587 2629 et
597 2579 764 2640 contrarius,
774 2591 871 2644 passus
882 2577 992 2627 circiter

185 2647 332 2711 ducentos,
353 2650 447 2699 intima
463 2653 590 2714 apertus,
612 2647 645 2698 ab
662 2649 805 2714 superiore
822 2651 900 2713 parte
912 2646 980 2697 silrc

185 2718 264 2780 stris,
284 2723 386 2770 utnon
403 2718 486 2770 facilc
497 2719 763 2785 introrsus-perspici
775 2721 878 2783 posset.
913 2717 988 2766 lntrn
