2152 3144
235 229 239 237 '
299 239 665 295 nnexnuoeiuo.
827 237 880 293 soa

46 333 53 342 “
82 361 183 416 magne
198 345 281 396 etiam
299 343 458 396 sollicitudo
473 342 659 410 periculorum
671 341 840 394 adiecturus
851 349 880 394 at

82 416 248 474 detrimenta
258 415 301 465 rei
311 413 456 464 familiaris
467 414 679 480 adiungebatur.

84 515 87 542 ;
132 485 165 536 L.
184 484 291 545 Quibus
301 483 453 555 deqoaussis
462 481 571 544 accidit,
583 493 622 544 ut,
638 497 722 551 qaum
733 481 879 548 Longinus

80 555 235 620 imperator
253 553 348 604 eadem
369 551 490 614 laceret,
517 566 590 618 qnae
608 551 718 603 iecerat*
736 557 877 618 quaestor,

81 622 184 680 similia
193 621 331 673 rursusde
343 623 499 672 morteeims
510 620 692 686 provinciales
703 620 818 672 consilia
829 619 878 670 ins

80 698 153 744 rent.
186 693 294 742 llornm
307 690 400 742 odium
412 691 614 740 confirmabant
625 689 749 741 nonnulli
755 687 879 739 ‘fanium

49 771 53 775 “
81 777 128 812 res
140 761 208 822 eius,
229 761 287 827 qui,
307 775 390 828 quum
401 763 429 809 in
441 759 492 810 ills
501 761 634 810 societate
645 765 826 812 versarentur
836 773 880 810 ra·-

80 829 217 898 pinaruot‚
237 827 325 880 nihilo
342 829 432 880 minus
449 829 567 880 oderant
578 845 649 891 enm,
671 831 757 880 cuius·
768 829 881 878 nomine

80 899 242 966 peccabant,
261 899 380 967 sibique,
400 899 473 966 quod
484 903 799 966 rapuerant,·acceptum
810 895 881 948 refe-

80 969 194 1032 rebant3
214 967 288 1036 quod
301 967 501 1030 interciderat,
523 973 573 1019 aut
589 975 650 1019 erat
664 966 883 1034 interpellatum,

83 1038 178 1092 Cassio
190 1037 385 1104 adsignabaut.
414 1037 544 1100 Quintam
557 1037 697 1105 legionem
709 1051 809 1088 novam
819 1051 884 1088 con-

80 1107 191 1160 scribit:
208 1113 326 1174 augetur
348 1106 443 1158 odium
459 1113 487 1158 et
502 1121 537 1158 ex
551 1107 612 1174 ipso
633 1107 737 1159 dilectu
750 1111 778 1158 et
788 1111 883 1157 sumtu

67 1177 195 1242 additae
215 1176 347 1244 legionis:
377 1177 552 1242 complentur
573 1177 697 1244 equitum
719 1177 774 1227 tria
795 1176 883 1238 milia,

81 1247 262 1312 maximisque
278 1250 414 1297 ornantur
430 1246 575 1312 impensis:
596 1261 649 1299 nee
666 1246 824 1314 provinciae
835 1243 882 1296 da·

80 1315 200 1367 turulla
213 1314 334 1381 requies.
381 1340 388 1346 ·
774 1335 776 1342 ,

134 1384 181 1437 121.
198 1383 314 1434 interim
325 1385 435 1435 litteras
447 1384 553 1450 aceepit
564 1398 581 1434 a
591 1385 720 1446 Caesare,
732 1386 801 1434 utin
813 1383 884 1436 Airi⁴

81 1468 141 1507 eum
154 1455 306 1505 exercitum
318 1454 504 1513 transiiceret,
520 1467 623 1520 perque
635 1455 835 1504 Mauritaniam
844 1455 883 1513 titl

54 1577 56 1582 ,
81 1524 153 1577 fines
168 1521 314 1574 Numidiae
337 1524 508 1588 pervenirem
532 1521 606 1589 quod
627 1536 729 1589 magna
745 1522 883 1574 Cn.Pom-

67 1595 144 1660 :peio
156 1592 224 1644 luba
235 1605 285 1643 rex
300 1592 418 1642 miserat
438 1591 542 1642 auxilia
563 1592 725 1660 maioraque
747 1593 883 1643 missurus

82 1662 305 1715 existimabatur.
341 1661 449 1724 Quibus
471 1661 574 1712 litteris
596 1661 731 1728 acceptis,
744 1662 882 1714 vinsolenti
980 1693 985 1704 ι

81 1731 224 1797 voluptate
235 1727 413 1794 efferebatur,
437 1730 512 1799 quod
523 1731 574 1781 sibi
587 1741 719 1783 novarum
731 1733 884 1797 proiincia·

81 1816 143 1854 rum
155 1806 184 1851 et
194 1798 359 1852 fertilissimi
374 1801 455 1868 regni
471 1805 550 1852 tanta
561 1801 654 1854 oblatu
664 1809 739 1852 esset
754 1800 882 1854 facultas.

80 1871 178 1936 ltaque
189 1870 249 1936 ipse
260 1867 290 1918 in
301 1868 471 1921 Lusitaniam
478 1869 692 1990 (proficisciturs
703 1870 738 1922 nd
754 1871 882 1939 legiones

80 1940 262 1992 arcessendas
274 1940 432 2006 auxilioque
442 1939 476 1990 ad
496 1941 616 2005 ucenda3
628 1942 714 1992 certis
725 1939 883 1993 bominibus

82 2009 132 2060 dat
142 2011 292 2076 negotium,
306 2015 337 2059 ut
349 2008 517 2060 frumentum
529 2025 670 2079 navesque
682 2016 884 2077 centum‘prne·

81 2084 249 2145 pararentur
265 2080 452 2145 pecuniaeque
463 2077 689 2132 describerentur
700 2085 783 2147 atque
798 2081 883 2146 impe·

81 2153 225 2210 rarentur3
244 2161 279 2198 ne
300 2162 354 2212 qua
375 2161 434 2207 res,
456 2163 540 2214 quum
561 2149 696 2212 redisset,
716 2149 883 2200 moraretur.

81 2215 202 2269 Reditos
222 2217 282 2267 eius
303 2215 356 2266 fuit
377 2215 496 2267 celerior
518 2217 640 2269 omnium
663 2219 807 2284 opinione:
825 2223 882 2266 non

82 2285 156 2338 enim
172 2285 254 2336 labor
270 2290 319 2335 aut
336 2283 492 2352 vigilantia,
511 2287 635 2352 cupienti
653 2288 826 2353 praesertim=
836 2285 883 2337 ali·

82 2353 160 2423 quid,
177 2354 272 2404 cossio
283 2351 389 2406 deerat.
426 2360 428 2364 '
844 2351 862 2380 ·’

75 2449 100 2476 -ε
135 2422 193 2474 Lll.
212 2423 453 2475 Exercitueoaeto
467 2422 594 2475 inunum
609 2423 714 2486 locum,
735 2423 884 2477 castris-ad
984 2446 990 2482 :

84 2492 243 2544 Cordubam
263 2491 370 2558 positis,
389 2506 441 2558 pro
457 2491 589 2545 concione
604 2493 739 2546 militibus
757 2496 885 2561 exponit,

83 2575 152 2629 qnos
167 2576 214 2614 res
228 2561 354 2613 Caesaris
369 2563 447 2613 iussu
463 2576 562 2629 gerere
577 2563 706 2626 deberem
724 2563 885 2630 pollicetur-

84 2646 139 2698 que
149 2632 197 2696 iis,
206 2631 327 2698 quumin
339 2631 536 2692 Mauritaniam
548 2635 747 2698 transiecisset,
759 2633 810 2684 ⁴HS
818 2643 884 2684 ceo·

82 2706 165 2752 tenos
185 2716 216 2752 se
233 2700 375 2752 daturum:
395 2703 518 2768 quintam
535 2703 596 2756 fure
610 2703 640 2755 in
652 2704 789 2772 Hispania
799 2703 885 2772 legio-

83 2784 158 2824 nem.
186 2770 229 2824 Ex
239 2771 372 2834 concione
384 2787 416 2828 se
426 2771 709 2896 Cordubnmreceepit,
722 2785 811 2843 eoque
822 2775 883 2840 ipse

646 2845 686 2896 cil
