2134 3148
184 180 239 236 456
370 183 401 232 Α.
422 177 563 232 lilll'l'll
584 179 641 234 DE
658 179 800 232 BELLO

183 287 286 340 tiebat.
321 282 429 346 Quibus
450 283 532 334 rebus
555 283 646 335 Varus
667 297 703 335 ex
719 281 836 350 perfuga
855 282 987 349 cognitis,

185 356 359 408 occasionem
369 358 476 415 nactos,
495 353 591 421 vigilia
601 353 723 405 secunde
733 353 885 404 Adrumeto
896 365 988 402 erco-

186 423 271 476 tbone
290 438 430 491 egressus,
446 437 509 474 cum
527 424 616 488 primo
637 438 717 474 mane
732 423 844 489 Leptim
857 422 990 474 universa

186 494 277 546 classe
286 500 389 555 vectus,
408 507 493 544 nares
503 495 656 554 onerarias,
672 508 744 560 quae
756 493 865 558 longius
875 505 893 541 a
904 497 990 556 pmtn

186 565 216 616 in
225 563 285 614 salo
296 564 422 627 stabant,
450 561 576 613 incendit
586 568 614 614 et
624 571 751 630 penteres
763 563 831 612 dues
841 575 944 612 vacuas
955 561 991 610 ab

188 632 393 694 defensoribus,
413 630 492 682 nullo
504 637 692 700 repugnante,
709 633 789 698 cepit
830 671 833 676 ,

240 703 337 754 exili.
355 703 458 752 Caesar
475 701 589 753 interim
610 702 740 753 celeriter
760 717 810 768 per
826 702 943 751 nuncios
961 702 991 750 in

188 774 298 834 eastris,
313 788 398 840 quum
410 786 496 839 opera
505 772 674 833 circumiret,
692 773 796 823 certior
805 770 994 837 sectum-quae

189 841 308 894 aberant
318 858 336 892 a
346 847 431 907 portu
444 841 524 892 milia
533 855 668 908 passuum
685 855 748 903 sex,
776 855 846 908 equo
858 840 994 902 admisso,

190 912 301 962 onrbsrs
319 912 447 963 omnibus
457 913 555 974 rebus,
585 911 712 963 celeriter
728 911 853 976 pervenit
863 910 993 976 Leptim:

189 982 283 1046 ibique
294 978 437 1043 hortatus,
459 996 557 1033 omnes
567 989 600 1033 ut
610 997 641 1033 se
652 995 734 1032 nares
745 985 996 1048 consequerentur,

188 1053 309 1120 primum
329 1051 387 1115 ipse
403 1051 571 1118 navigiolum
591 1051 737 1117 parvulum
758 1048 934 1110 conscendit3
966 1051 995 1100 in

190 1135 274 1172 eursu
285 1119 424 1187 Aquilam,
437 1121 617 1173 multitudine
629 1123 799 1188 navigiorum
810 1120 995 1186 perterritum
1051 1169 1052 1172 ,

192 1197 277 1258 atque
288 1189 489 1256 trepidantem,
515 1195 627 1254 nactus,
653 1189 776 1242 bostium
785 1190 904 1240 classem
916 1189 995 1254 sequi

192 1262 294 1327 coepit
321 1261 438 1311 interim
447 1260 550 1322 Verus,
571 1261 715 1312 celeritate
728 1260 855 1312 Caesaris
866 1258 995 1308 audacia·

192 1346 246 1398 que
257 1335 421 1392 commotus,
441 1345 502 1381 cum
512 1331 750 1394 universaclasse‚
768 1330 910 1381 conversis
921 1329 996 1378 nari·
1052 1333 1053 1348 ³

191 1402 258 1463 bns,
284 1399 466 1451 Adrumetum
480 1415 577 1452 versus
597 1399 696 1468 fugere
716 1399 867 1451 contendit.
904 1397 995 1459 Quem

192 1471 295 1522 Caesar
306 1470 333 1520 in
346 1470 458 1522 milibus
467 1485 600 1536 passuum
610 1475 731 1538 quatuor
740 1473 920 1528 consecutus,
951 1483 996 1519 re-

191 1546 325 1606 cuperata
336 1541 531 1608 quinqueremi
545 1556 605 1591 cum
618 1541 745 1591 (inanibus
756 1539 942 1604 suis-epibatis
952 1543 997 1588 at·

191 1625 246 1677 que
257 1611 340 1662 etiam
353 1608 476 1662 bostium
486 1609 646 1662 custodibus
657 1609 766 1673 CXXX,
785 1612 814 1660 in
826 1625 861 1660 ea
869 1623 940 1658 nave
952 1623 997 1658 ca·

191 1681 260 1746 ptis,
292 1680 435 1730 triremem
452 1679 575 1732 bostium
590 1681 758 1746 proximam.
789 1693 860 1746 quae
875 1679 902 1727 in
917 1691 997 1744 repu-

191 1747 304 1815 gnando
316 1756 377 1800 erat
386 1757 565 1813 commorata,
586 1755 713 1801 onustam
723 1751 861 1816 remigum
873 1747 998 1814 epibata·

189 1832 307 1884 rumque
328 1819 415 1883 cepit3
444 1820 568 1886 reliquae
587 1834 673 1871 nares
693 1819 816 1870 hostium
836 1823 998 1883 promonto-

191 1889 262 1938 rium
278 1894 445 1952 supererunt
461 1895 545 1957 atque
563 1889 741 1940 Adrumetum
758 1891 785 1938 in
803 1887 951 1940 cothonem
963 1901 998 1938 se

190 1957 337 2014 universae
349 1957 535 2010 contulerunt.
555 1959 658 2010 Caesar
667 1959 766 2012 eodem
776 1965 859 2009 rento
866 1969 997 2024 promon-

190 2027 295 2082 terium
306 2041 439 2094 superare
451 2043 505 2080 non
518 2029 611 2098 potuit
618 2036 711 2098 atque,
732 2033 759 2080 in
771 2029 830 2079 salo
843 2030 871 2078 in
881 2028 997 2077 ancoris

192 2111 226 2156 ea
236 2102 318 2150 nocte
329 2104 527 2162 commoratus,
546 2101 644 2168 ,prima
653 2099 714 2152 luce
724 2099 904 2151 Adiunctum
916 2111 984 2148 acce

192 2167 234 2218 dit
243 2168 335 2236 ibique
345 2168 461 2220 naribus
473 2171 616 2231 onerariis,
633 2185 704 2237 quae
717 2175 797 2222 erant
808 2175 890 2218 extra
899 2165 985 2217 colbo

189 2252 264 2301 nem,
282 2239 418 2301 incensis,
434 2241 622 2308 omnibusque
633 2240 746 2308 reliquis
757 2239 820 2291 eliis
832 2243 881 2288 anit
892 2235 985 2287 subdu

191 2307 253 2370 ctis,
272 2310 359 2363 autin
370 2308 517 2362 cothonem
527 2310 689 2377 compulsis,
707 2308 860 2375 paullisper
872 2321 995 2357 conimo·

189 2383 279 2442 retus,
298 2381 323 2429 si
333 2378 408 2431 sorte
420 2379 523 2433 vellent
532 2381 621 2432 classe
633 2372 777 2441 dimicare,
797 2391 895 2430 rursus
906 2391 937 2427 se
950 2390 994 2426 re·

190 2449 412 2514 cepitincastra.

241 2516 340 2570 cxiv.
358 2519 389 2570 ln
403 2533 437 2570 ea
452 2533 520 2570 neve
530 2530 628 2586 ceptus
643 2525 686 2570 est
696 2509 724 2570 P.
735 2519 878 2579 Vestrius,
906 2530 996 2584 eques

188 2584 342 2647 Romanus,
364 2593 393 2640 et
404 2587 435 2639 P.
446 2587 584 2656 Ligarius,
601 2586 778 2649 Afranianus,
797 2603 876 2654 quem
888 2585 996 2636 cnesar

189 2653 372 2719 imilispania
387 2670 448 2708 cum
465 2657 579 2726 reliquis
597 2657 741 2710 dimiserat
758 2663 787 2708 et
802 2663 899 2724 postea
914 2655 994 2706 send

188 2716 351 2794 Pompeiani
369 2724 538 2790 contuleram
565 2725 630 2778 inde
647 2741 681 2779 eu
694 2727 801 2796 proelio
813 2727 954 2796 ellingerot
964 2727 995 2778 in
