2168 3134
363 177 515 230 bivano
545 175 630 230 vlit.
847 177 899 231 21³

94 295 240 332 manorum
253 293 414 348 oppugnare
425 283 556 332 instituit.
577 283 667 344 Quum
681 282 899 348 corripiaresdies

95 355 122 402 in
135 353 341 417 oppugnatione
352 353 548 402 consumsisset
557 359 596 413 ot,
618 367 718 418 magna
729 365 842 403 sumum
855 352 900 404 de·

95 423 238 481 trimemo,
254 421 359 471 oollam
371 427 476 486 partem
489 422 671 472 munitionum
684 421 841 473 cnrrveilere
853 435 900 487 pa·

19 513 21 516 ·
94 493 204 548 tuisset,
224 503 320 540 rursus
332 488 368 540 ad
379 489 561 542 obsidendum
573 489 727 542 Lemonum
740 491 820 542 redit.

148 557 263 611 xxvu.
282 558 388 611 Eodem
404 565 530 626 tempore
546 561 574 611 c.
586 559 689 611 Fabius
703 560 815 628 legatas
827 564 897 612 coni-

94 630 190 696 plures
207 629 336 680 civitates
352 627 481 680 totidem
497 629 611 696 recipit,
641 629 782 681 obsidibus
792 629 897 692 irrorat,

94 697 253 766 litterisque
261 699 290 749 c.
304 697 412 748 Caninii
424 699 514 750 Rebili
525 697 559 749 iit
569 699 683 760 certior,
694 715 763 767 quae
773 699 799 750 io
809 699 897 750 Pieta-

95 768 178 820 oibus
188 773 331 834 gerantur.
360 767 467 830 Quibus
478 769 562 820 rebus
574 770 702 836 cognitis,
715 769 898 837 proficiscitur

95 837 132 888 ad
141 837 276 888 nouitium
286 836 407 888 Duratio
417 837 573 890 terendam.
609 838 829 900 AtDumnaeos,
852 839 898 889 ad-

97 911 184 960 ventu
204 905 284 958 Fabii
299 906 426 975 cognito,
456 906 607 974 desperata
623 909 727 970 saluto,
758 910 781 959 si
797 908 897 960 codem

96 983 226 1043 tempore
237 982 350 1030 coactus
361 982 439 1029 esset
449 983 479 1028 et
489 978 643 1029 Romanurn
656 984 804 1030 externam
815 979 898 1028 susti·

97 1061 166 1097 nere
177 1043 302 1108 bostem,
323 1053 353 1098 et
364 1050 508 1112 respicere
518 1061 551 1098 ac
560 1048 661 1100 timere
674 1048 835 1115 oppidanos,
855 1063 899 1097 re·

96 1121 181 1182 pente
193 1130 227 1167 eo
239 1130 272 1167 ex
284 1115 346 1167 loco
358 1131 419 1166 eum
431 1117 649 1183 copiisrecedit:
673 1133 724 1169 nec
735 1133 766 1169 se
777 1118 846 1168 satis
856 1125 897 1167 tu·

97 1193 157 1236 nrm
169 1183 231 1236 iore
242 1185 403 1247 arbitratur,
419 1186 473 1238 nisi
483 1185 584 1238 flumen
596 1187 732 1254 Ligerim,
751 1187 825 1255 quod
837 1195 899 1237 erat

98 1262 185 1322 ponte
200 1261 317 1323 propter
327 1255 546 1322 magnitudinem
557 1256 774 1320 transeundum,
804 1257 898 1321 copias

99 1324 314 1377 transduxisset.
350 1325 464 1388 Fabius,
477 1327 531 1378 etsi
542 1325 666 1382 nondum
678 1328 706 1374 in
719 1333 897 1393 conspectum

61 1457 64 1464 Ι
97 1392 366 1457 venerationibus,
398 1409 489 1461 nequa
504 1408 535 1446 se
551 1395 740 1446 cunicaninio
751 1396 898 1446 corriunxe·

98 1469 158 1520 rat.
176 1469 273 1514 tameo
289 1463 388 1515 dactus
399 1464 433 1515 ab
443 1465 491 1527 iis,
511 1465 557 1531 qui
574 1465 696 1516 locorum
709 1471 843 1515 oraverant
854 1477 899 1512 rra·

99 1545 201 1594 turam,
215 1533 391 1601 potissimum
403 1525 530 1596 eredidit,
548 1533 644 1586 hostes
657 1535 824 1600 perterritos
836 1545 899 1584 erim

98 1603 200 1664 locum,
217 1613 298 1668 quem
312 1604 434 1668 petebat,
448 1603 596 1669 petituros.
630 1605 727 1671 itaque
740 1617 800 1653 rum
813 1603 899 1670 copiis

98 1671 134 1723 ad
147 1671 273 1722 eumdem
284 1679 396 1737 pontem
408 1673 560 1735 contendit,
572 1673 897 1741 equitatumquetaotum

99 1741 252 1806 procedere
263 1748 330 1792 ante
341 1757 441 1809 agonen
453 1744 572 1808 imperat
589 1744 742 1811 legionum,
765 1750 898 1810 quantum
991 1745 994 1758 ⁴

86 1825 182 1878 ¹quum
198 1812 393 1876 processisset,
412 1811 487 1864 stne
506 1812 707 1881 defatigatione
724 1829 857 1880 eqrrorum
871 1818 897 1862 io

97 1879 197 1931 eadem
212 1895 243 1930 sc
260 1881 397 1946 reciperet
414 1887 514 1933 castra.
552 1887 769 1953 Corrseqoantur
790 1884 899 1950 equites

98 1951 199 2009 nostri,
231 1956 261 2000 ut
272 1960 333 2001 erat
345 1958 533 2018 praeceptum,
563 1955 751 2023 invaduntque
763 1953 899 2006 Dumnaci

96 2032 198 2086 agmen
215 2028 263 2080 et,
289 2019 429 2086 fugientes
446 2023 664 2093 perterritosque
680 2026 730 2076 sub
742 2024 857 2074 sarcinis
871 2026 898 2072 in

98 2089 198 2138 itinere
209 2087 354 2156 adgressi,¹
370 2106 471 2158 magna
486 2093 604 2158 praeda,
626 2095 719 2144 multis
732 2092 898 2153 interiectis,

97 2161 252 2226 potiuntur.
279 2157 330 2222 lta,
343 2175 372 2213 re
384 2162 454 2213 bene
466 2167 554 2229 gesta,
566 2177 597 2214 se
609 2165 747 2229 rccipiunt
758 2164 785 2211 in
798 2169 897 2213 castra.

149 2227 274 2280 xxvio.
294 2229 455 2298 insequenti
477 2237 566 2282 noete·
580 2232 683 2284 Fabius
699 2233 805 2299 equites
822 2246 899 2297 prae-

98 2297 198 2359 mittit,
230 2299 270 2348 ste
291 2307 416 2364 paratos,
448 2308 479 2350 ut
499 2300 683 2368 confligerent
710 2313 793 2367 atque
817 2314 899 2349 emm

96 2381 197 2432 agonen
209 2376 395 2432 onerarentur,
407 2369 470 2420 dum
484 2378 703 2437 consequeretur
715 2372 783 2436 ipse.
817 2369 900 2420 Cuius

98 2437 254 2504 praeceptis
267 2444 297 2488 n't
309 2454 353 2490 res
363 2446 523 2507 gereretur,
555 2441 589 2503 or.
598 2441 678 2492 Atius
690 2439 795 2501 Varus,
823 2453 899 2506 prou

98 2506 188 2556 iectus
205 2509 344 2576 equitum,
376 2510 527 2578 singularis
543 2515 572 2562 et
588 2513 672 2561 noimi
689 2515 718 2562 et
733 2507 898 2576 prudentior

98 2577 151 2637 vir,
174 2591 240 2626 suos
257 2575 404 2640 bortatur,
420 2595 574 2648 agmenque
591 2578 712 2632 bostium
724 2587 899 2640 corrsecutus,

96 2650 204 2696 turmas
216 2648 316 2712 partim
328 2649 435 2702 idoneis
446 2651 513 2701 lueis
526 2651 654 2718 disponit,
667 2648 899 2717 partimequitum

97 2716 233 2781 proelium
256 2722 413 2772 cooooittit.
435 2721 586 2774 =Consistit
607 2721 739 2774 audacius
758 2719 901 2788 equitatus
