2152 3132
378 189 618 245 ursanum
739 163 744 172 '
849 189 900 244 me

94 310 137 357 sa,
155 295 409 357 auribus-deseutis,
430 293 832 362 aut'siugulisullossisoculis,·
852 296 899 344 do·

94 381 171 416 muni
184 366 315 427 remittit,
344 371 375 416 ut
383 367 442 415 siat
451 365 567 432 reliquis
578 365 744 416 decantanto
755 366 897 431 etmagni-

94 435 193 485 tudine
205 447 309 500 poenae
319 441 497 502 perterreant
504 435 586 486 alios.

150 505 184 556 V.
203 503 255 554 llis
268 504 410 571 suppliciis
425 504 554 554 celeriter
568 509 666 556 coacto
682 503 818 564 exercitu,
844 502 898 553 Lu-

95 575 214 624 cterium
228 573 390 634 Cadurcum,
400 589 523 624 summae
534 571 673 624 lioarinem
686 571 826 631 audaciae,
837 585 898 622 cum

95 645 178 710 parte
187 644 327 710 copiarum
340 645 367 693 in
378 644 614 694 Rutenosmittit:
644 645 703 708 ipse
718 643 745 690 in
757 635 898 706 Bituriges

96 709 294 779 proficiscitur.
334 715 411 764 liius-
423 711 543 763 adventu
564 713 703 778 Bituriges
722 710 758 760 ad
777 709 898 771 neurius,

94 794 215 852 quorum
228 783 347 833 orantia
357 782 426 844 ure,
449 782 558 850 legatos
569 783 684 840 mittunt
694 780 845 831 subsidium
855 793 898 828 ro-

96 856 267 920 gatumque
278 851 387 903 facilius
397 851 516 905 hostium
528 854 622 918 copias
633 853 772 902 sustinere
779 848 897 916 possint

95 919 230 975 Aeduirlt
239 922 358 972 consilio
369 915 535 987 legatorum,
554 937 625 988 quos
637 922 739 972 Caesar
750 919 784 970 ad
796 919 900 969 exeret·

95 1000 155 1042 tum
167 989 333 1056 reliquerat,
353 993 446 1056 copias
458 992 596 1058 equitatus
607 991 804 1057 peditatusque
812 989 900 1038 subsi-

97 1061 145 1111 rlio
155 1060 331 1127 Biturigibus
341 1061 466 1110 mittunt.
500 1061 552 1122 Qui
566 1076 648 1127 quum
662 1059 696 1110 ad
706 1057 807 1108 flumen
819 1057 898 1126 Ligu*

98 1133 149 1180 rim
159 1131 310 1192 venissent,
321 1127 548 1197 quodliiturigcs
559 1132 593 1181 ab
601 1129 705 1180 ¹Aeduis
717 1128 823 1191 dividit,
835 1144 899 1195 pitu·

98 1214 144 1250 eos
155 1199 214 1250 dies
225 1201 264 1250 ibi
274 1200 388 1260 morati,
416 1214 504 1265 licque
515 1199 616 1250 llumen
627 1199 748 1249 transire
758 1199 831 1258 ausi,
854 1198 900 1248 clo-

99 1273 174 1319 m'um
187 1274 366 1320 revertuntur
380 1267 536 1335 legatisque
546 1270 651 1319 uostris
662 1269 839 1330 renunciant,
867 1283 899 1318 se

98 1339 259 1406 Biturigum
279 1336 423 1404 perfidiam
443 1341 547 1389 veritos
563 1339 729 1398 revertisse,
757 1336 857 1402 quibus
871 1337 900 1388 iu

96 1407 208 1458 consilii
218 1408 304 1458 luisse
315 1409 506 1474 cognoverint,
525 1412 565 1467 ut,
576 1408 598 1456 si
610 1404 711 1456 flumem
724 1406 900 1469 transissent,

99 1491 156 1528 una
165 1491 200 1528 ex
209 1482 289 1543 parte
300 1479 366 1543 ipsi,
386 1477 479 1528 altera
487 1477 603 1528 Aruerni
614 1490 643 1525 se
655 1476 900 1528 circumsisterent:

96 1547 130 1599 ld
141 1559 211 1599 carie
222 1547 256 1598 de
267 1562 378 1609 caussa,
399 1561 480 1614 quam
496 1545 596 1615 legatis
611 1545 845 1610 pronunciarunt‚
866 1559 902 1596 au

100 1617 219 1684 pertidia
234 1615 346 1666 adducti
362 1616 494 1679 fecerint,
523 1615 595 1681 quod
611 1613 773 1664 nihil-nobis
784 1621 901 1679 constat,

97 1685 277 1737 nominetur
287 1701 337 1751 pro
350 1695 426 1737 certo
437 1701 499 1738 esse
512 1683 676 1752 pariendum.
704 1682 845 1751 Bituriges
857 1700 901 1736 eo-

99 1771 161 1806 rnm
173 1756 295 1806 dmoessu
308 1753 404 1805 statim
416 1771 517 1808 secum
528 1754 657 1805 Arvernis
667 1754 847 1820 coniungunt:

103 1865 105 1873 ,
142 1825 198 1878 Νι
218 1825 363 1876 His-rebus
373 1825 521 1876 initaliam
533 1825 644 1875 Caesari
657 1825 900 1892 inundatis-quum
933 1823 935 1834 '

97 1897 153 1946 iam
164 1895 214 1946 ille
227 1897 347 1945 urbanas
362 1910 407 1945 res
419 1895 522 1946 virtute
538 1894 586 1944 Cn.
598 1893 720 1959 Pompeii
737 1895 904 1946 commodio-

97 1979 158 2016 rem
170 1963 312 2016 iustarum
324 1961 684 2030 peruenisse-intellegeret,
704 1965 732 2013 in
744 1965 902 2030 'transalpi-

99 2049 164 2086 nam
175 2034 295 2088 Galliam
307 2034 449 2100 prot'octus
461 2039 514 2085 est.
551 2034 591 2084 Eo
603 2049 685 2100 quum
696 2035 827 2096 venisset,
845 2049 902 2084 ma·

97 2103 330 2170 gnadifficultata
340 2103 519 2155 adficiebatur
526 2139 545 2164 ,.
564 2118 618 2170 qua
632 2105 741 2154 ratione
753 2102 903 2154 coexerci-

98 2181 159 2224 tum
171 2175 315 2240 perrenire
324 2178 430 2240 posset.
445 2172 514 2225 Nam
526 2171 687 2240 silogioues
698 2173 901 2238 inprorinciem

100 2249 266 2306 arcesseret,
283 2243 440 2294 sentimenta
451 2243 482 2292 in‘
491 2243 593 2293 itinere
606 2241 711 2307 proelio
722 2240 902 2291 (liruiimturas

98 2312 295 2379 intellegebat:
324 2313 347 2362 si
361 2313 419 2378 ipse
429 2311 630 2363 ad·exereitum
643 2311 847 2373 contenderet,
868 2325 903 2360 ne

99 2383 135 2432 iis
146 2381 268 2450 quidem,
290 2383 337 2450 qui
349 2395 382 2433 eo
393 2389 520 2448 tempore
532 2382 623 2446 pacati
633 2378 804 2442 riderentur,
824 2394 902 2432 suam

99 2451 308 2503 salutemreote
318 2453 453 2502 committi
465 2451 586 2501 ridebatt

153 2521 215 2574 vlt
234 2519 348 2572 interim
368 2521 517 2586 Lucterius
537 2519 692 2580 Cadurcus,
727 2518 903 2570 inlinitum

98 2593 212 2654 missus,
232 2603 293 2642 eam
304 2591 443 2642 civitatem
455 2591 585 2640 Arvernis
595 2588 733 2640 coriciliat.
769 2587 902 2655 Progres-

100 2677 149 2712 sus
164 2661 191 2710 in
204 2660 376 2728 Nitiobriges
390 2664 420 2711 'et
435 2659 571 2721 Gabalos,
584 2660 636 2718 (ab
652 2660 778 2726 utrisque
793 2658 903 2709 olisiiles

101 2731 255 2797 accipitet,
274 2743 377 2796 magua
390 2737 486 2780 coacta
501 2744 597 2793 uranu,
616 2731 643 2780 in
655 2729 822 2795 provinciam
835 2728 901 2779 Nar·
