2124 3154
174 167 228 220 4⁹2
405 209 408 215 ,
452 167 515 220 DE
543 168 708 220 B'E'ltLO
736 175 741 182 '

174 273 328 324 adversarii
339 271 466 339 cupidius
475 278 542 323 sunt
551 272 683 335 insecuti,
702 274 837 335 universi,
857 271 982 324 elamore
1044 271 1045 310 l

173 341 261 405 laeta
277 345 411 409 impetum
423 342 568 394 dederunt.
591 345 634 394 lta
644 347 719 394 meto
732 343 885 410 perterriti,
895 359 982 411 quum

174 412 281 480 refuga
293 419 393 474 essent,
410 413 504 464 multis
515 415 635 475 amissis,
648 415 678 462 in
688 422 783 464 castra
792 429 824 464 se
835 413 982 479 recipiunt

173 506 176 515 «
228 481 328 534 XXVl.
348 483 450 533 Caesar
461 482 496 533 ob
508 484 639 534 virtutem
651 491 760 534 turmae
772 484 922 534 Cassianae
934 483 982 533 do·

173 554 254 604 navit
265 551 411 604 miliaXlll
423 559 451 603 et
462 551 603 620 praesecto
614 559 730 619 torques
740 568 841 604 aureos
850 553 875 604 V
885 559 916 604 et
925 553 983 604 leri

175 629 336 674 armaturae
348 622 463 672 milioX.
485 623 548 674 lloc
559 623 604 674 die
614 623 646 672 Α.
653 623 774 674 Baebius
785 627 815 674 et
826 623 855 673 C.
865 622 982 674 Flavius

176 699 206 744 et
216 694 246 743 Α.
257 691 429 753 ¹l'rebellius,
448 693 557 757 equites
571 694 687 743 llonrani
698 696 842 754 Astenscs,
859 700 982 760 argento

174 777 262 830 prope
284 764 353 812 tecti
374 759 510 828 [equites]
531 762 567 813 ad
583 764 731 816 Caesarem
751 761 984 829 transfugio-unu

177 833 224 899 qui
237 834 414 893 nunciarunt,
430 832 538 898 equites
550 833 689 884 Romanos
701 835 984 894 coniurasseomnesi,

176 901 265 968 quiin
278 904 377 952 eastris
390 899 515 967 Pompeii
526 908 635 964 essent,
655 907 688 952 ut
698 904 893 954 transitionem
906 901 984 954 l'ace·
1044 915 1045 946 1

175 977 253 1033 rsnt;
283 972 357 1021 servi
375 970 480 1022 indicio
500 973 635 1023 omnesin
648 972 801 1024 custodiam
813 987 876 1023 esse
888 975 985 1024 conie-

169 1047 252 1102 ctos,
285 1040 429 1105 equibus,
461 1043 607 1092 occasione
619 1049 712 1108 capta,
744 1057 774 1094 se
786 1041 985 1109 transfugisse.

176 1112 246 1163 ltem
259 1108 311 1160 hoc
322 1110 367 1160 die
379 1109 491 1160 litterae
502 1117 568 1162 sunt
579 1111 782 1178 deprehensae,
810 1127 879 1178 quas
890 1114 986 1164 mitte-

176 1182 226 1234 bat
236 1180 389 1232 Ursaonem
407 1180 454 1230 Cn.
467 1179 622 1246 Pompeius.
659 1181 688 1232 S.
704 1179 735 1232 V.
749 1183 780 1234 G.
789 1181 825 1232 Ε.
841 1179 872 1231 Υ.
907 1181 986 1243 Etsi,

172 1260 260 1320 prout
269 1248 507 1372 nostrulelicitur,
528 1268 561 1303 er
572 1251 705 1302 sententia
715 1250 884 1303 adversarior
895 1250 986 1303 adduc

169 1323 317 1390 propulsor
327 1318 361 1371 le
381 1335 466 1381 cirrus,
488 1328 589 1382 tornea,
609 1319 634 1371 ri
643 1337 728 1388 aequo
738 1323 795 1372 loco
805 1321 848 1372 roi
858 1329 985 1388 potcsta-

172 1391 374 1462 rcmfaccreot,
385 1389 506 1453 celerior,
517 1406 597 1458 quum
606 1400 696 1442 vestra
706 1390 797 1459 opinio
801 1391 874 1462 fert,
886 1391 987 1442 delium

176 1460 358 1533 rorefecitsem.
396 1459 449 1512 Sed
468 1460 616 1512 exercitum
636 1461 750 1512 tironem
770 1477 823 1512 nor
840 1461 944 1512 cudent
957 1461 988 1512 in

146 1532 148 1537 ’
177 1547 302 1597 corripiam
312 1531 454 1594 deducere,
483 1531 636 1598 nostrisque
651 1531 739 1582 editoe
748 1531 824 1598 freti
837 1530 988 1598 praesidiis
1044 1543 1045 1576 l

176 1600 272 1653 bellum
292 1602 410 1659 ducrum
441 1617 505 1653 rom
524 1600 647 1670 singular
668 1601 792 1653 civitates
808 1601 987 1653 mrcuncredc·

175 1680 242 1722 runt
249 1687 260 1730 ;
281 1670 343 1724 inde
354 1671 405 1722 ribi
415 1679 576 1722 corrrnreatur
587 1670 708 1738 copiast.
747 1669 839 1734 Quare
849 1680 877 1723 ct
886 1669 988 1722 civita·

175 1749 215 1792 ter
236 1748 394 1791 nostrarum
412 1740 537 1807 partium
556 1741 717 1793 conservabo
738 1750 766 1792 ct
784 1741 880 1793 bellum
890 1740 986 1806 prium

175 1824 279 1878 quoque
291 1817 409 1876 tempore
424 1809 572 1878 conficient.
596 1839 599 1847 .
613 1805 785 1864 cohorteris
795 1810 886 1863 enisio
897 1809 986 1862 liabeo
1044 1871 1045 1886 χ

175 1880 213 1932 ud
222 1894 268 1946 cor
278 1877 394 1929 mittere.
414 1877 546 1948 Profecto
556 1890 647 1934 nostro
658 1890 807 1934 commeato
813 1879 929 1948 privati,
939 1897 986 1935 ac-

175 1947 292 2002 cessorio
305 1947 341 1998 ad
350 1947 527 2000 dimicandum
538 1949 704 2004 descenderit.
983 2007 987 2012 ,

228 2018 342 2070 XXVll.
360 2018 526 2085 Insequenti
536 2025 662 2088 tempore
677 2037 760 2089 quum
772 2023 861 2074 nostri
873 2025 985 2072 temere

176 2091 301 2158 inopere
314 2089 428 2140 distenti
440 2094 547 2152 essent,
570 2093 679 2158 equites
689 2092 850 2154 inoliveto,
872 2091 940 2142 dum
951 2092 985 2142 li-

174 2166 313 2228 gnantur,
342 2158 485 2212 interlecti
501 2165 567 2212 sunt
580 2161 694 2228 aliquot
731 2161 809 2214 Serri
823 2160 986 2229 transfuge-

175 2237 251 2294 runt,
262 2231 308 2297 qui
320 2231 530 2291 nunciaverunt,
546 2245 570 2280 a.
582 2230 608 2280 d.
618 2233 666 2282 lll.
686 2231 757 2283 Non.
770 2232 889 2283 Martias
902 2246 986 2298 proe-

174 2299 254 2364 lium,
266 2301 301 2352 ad
313 2298 480 2351 Sor-icarium
493 2300 566 2366 quod
578 2298 681 2352 lactum
694 2309 746 2365 est,
763 2317 843 2368 exxeo
853 2309 984 2366 tempore

175 2377 281 2423 metum
292 2385 354 2421 esse
366 2385 496 2438 magnum
508 2371 647 2422 etdttionr
655 2372 760 2424 Varum
772 2376 874 2424 circum
882 2371 984 2422 castel·

175 2440 204 2490 la
215 2454 353 2507 praeesse.
389 2441 430 2492 llo
448 2438 492 2490 die
504 2438 652 2505 Pompeius
667 2450 761 2493 eastra
772 2444 858 2493 morit
874 2448 904 2494 et
917 2455 984 2492 eou-

175 2515 222 2558 tra
241 2508 379 2573 Hispalim
395 2511 424 2558 in
442 2507 545 2559 oliveto
561 2512 716 2562 coristituit.
753 2512 871 2574 Caesar,
890 2513 983 2578 prius·
1044 2539 1045 2542 ¹

176 2591 259 2641 quam
272 2576 369 2627 eodem
382 2582 426 2628 est
437 2576 588 2641 profectus,
609 2579 676 2631 luna
688 2580 758 2632 hora
768 2583 880 2634 circiter
890 2580 928 2635 Vl
941 2581 982 2630 ri·

171 2658 208 2692 sa
219 2648 272 2693 est.
308 2644 352 2694 lta
363 2647 463 2696 castris
474 2648 557 2696 motis
568 2648 696 2710 Ucubim,
716 2650 865 2716 Pompeius
876 2650 982 2718 praesi-

168 2711 264 2773 dium,
284 2711 357 2778 quod
367 2714 497 2780 reliquit,
519 2715 603 2766 iussit
613 2717 797 2772 incenderent
812 2727 855 2786 et,
877 2723 981 2776 deusto
