2124 3154
179 194 238 248 tos
457 195 518 249 DE
544 195 708 250 BELLO

178 297 301 367 partium
316 297 417 352 fuisset
431 299 562 352 defensor
576 301 735 354 acerrimus.
770 287 800 354 lsv
807 304 869 352 tota
875 298 991 354 Lusita

179 370 228 423 ula
240 370 404 422 notissimus
414 375 483 421 erat.
510 372 564 422 llic
578 371 650 423 clam
662 371 803 438 praesidia
813 371 991 422 Lusitaniam

179 442 365 510 proficiscitur
384 445 412 491 et
424 440 574 492 Caecilium
586 441 718 508 Nigrum,
736 439 878 503 hominem
891 441 993 491 barba-

180 527 252 572 rum,
264 511 299 562 ad
310 509 429 560 Lenium
440 513 584 575 convenit;
596 514 642 579 qui
653 512 723 562 bene
735 526 864 579 magnam
876 525 989 561 manum

179 579 382 632 Lusitanorum
394 578 516 632 haberet.
545 581 650 632 Rursus
662 581 691 631 in
703 581 841 648 Hispalim
857 579 991 647 oppidum

180 651 272 702 denuo
288 654 373 702 noctu
388 665 437 716 per
453 665 562 702 murum
574 652 721 716 recipitur3
740 650 910 717 praesidium
921 649 990 715 vigi·

180 721 276 789 lesque
288 719 426 788 iugulant,
447 726 541 787 portas
555 721 750 788 praecludunt,
771 721 806 773 de
816 723 928 788 integro
939 733 991 786 pu·

179 807 267 858 gnare
279 797 440 857 coeperunt.

233 860 360 914 XXXVI.
380 859 452 912 Dum
465 859 534 912 haec
544 864 692 928 geruntur,
710 859 797 928 legati
809 857 991 912 Carteienses

180 930 391 992 redundarunt,
414 930 487 999 quod
498 931 659 997 Pompeium
673 933 701 984 in
717 935 888 996 potestatem
904 928 991 981 habe-

181 1004 251 1051 rent.
289 999 369 1061 Quud
382 1007 446 1051 ante
458 1002 570 1051 caesari
586 1006 680 1066 portas
691 1000 919 1067 praeclusissem,
937 998 991 1050 illo

179 1067 319 1122 beneficio
339 1085 418 1120 suurn
431 1070 599 1122 maleficium
615 1071 813 1123 existimabant
828 1085 858 1122 se
874 1068 992 1120 lucrifa-

179 1155 254 1192 cere.
290 1139 419 1190 Lusitani
431 1140 539 1206 Hispali
555 1155 677 1208 pugnare
690 1141 767 1191 nullo
778 1146 904 1207 tempore
917 1140 992 1192 desi-

180 1211 301 1262 stebant.
339 1209 419 1270 Quod
431 1211 533 1261 Caesar
543 1225 627 1277 quum
640 1211 887 1273 animadverteret,
903 1212 929 1260 si
941 1223 991 1276 op·

180 1280 276 1348 pidum
288 1293 386 1346 capere
397 1280 590 1343 contenderet,
602 1288 634 1331 ut
644 1279 769 1331 homines
781 1280 883 1347 perditi
895 1281 991 1331 incen-

181 1350 282 1404 derent
292 1356 321 1402 et
332 1351 443 1402 moenia
454 1349 589 1412 delerent,
610 1351 650 1402 ita
661 1350 777 1401 consilio
789 1348 882 1402 habito
893 1355 991 1412 noctu,

180 1424 288 1488 patimr
298 1420 449 1472 Lusitanos
470 1421 644 1486 eruptionem
664 1419 771 1472 lacere:
790 1419 819 1470 id
835 1419 910 1487 quod
925 1435 993 1471 con·

181 1491 256 1541 sulto
267 1505 321 1541 non
337 1491 533 1542 existimabant
548 1489 618 1542 fieri.
654 1489 697 1542 lta
713 1489 882 1556 erumpendo
896 1505 992 1549 naves,
1044 1527 1045 1532 η

181 1575 253 1628 quae
264 1560 299 1612 ad
310 1560 418 1612 Baetim
429 1559 531 1612 llumen
548 1559 675 1622 fuissent,
694 1561 863 1612 incendunt·
890 1559 993 1612 Nostri

181 1629 246 1682 dum
259 1631 389 1683 inccndio
400 1630 577 1694 detinentur,
596 1631 639 1683 illi
654 1630 819 1698 profugiunt
830 1636 859 1681 et
868 1631 901 1681 ab
913 1631 991 1696 cqui-

179 1701 256 1764 tibus
276 1700 469 1752 conciduntur.
506 1701 567 1762 Quo
586 1699 670 1762 facto,
692 1699 794 1767 oppido
814 1706 993 1766 recuperato,

179 1771 276 1821 Astam
286 1770 341 1821 iter
351 1769 444 1822 lacere
455 1774 556 1837 coepit,
569 1784 669 1837 exque
680 1773 791 1823 civitate
801 1770 886 1838 legati
898 1770 935 1820 ad
945 1770 995 1822 de·

182 1839 315 1890 ditionem
326 1845 470 1901 venerunt,
480 1839 722 1907 ,Mundensesque
737 1841 784 1907 qui
795 1856 829 1892 ex
840 1839 950 1906 proelio
961 1843 993 1891 in

182 1908 311 1975 oppidum
324 1907 522 1975 confugerant,
542 1924 626 1977 quum
642 1909 746 1962 diutius
763 1910 993 1962 circumsideren·

181 1985 244 2042 tur,
265 1979 336 2030 bene
348 1979 428 2029 multi
440 1978 609 2032 deditionem
622 1979 728 2031 faciunt
738 1985 780 2042 ct,
800 1995 884 2048 quum
895 1986 994 2032 essent

179 2051 209 2102 in
221 2049 361 2118 legionem
373 2048 528 2112 distributi,
550 2049 699 2101 corriurant
709 2053 783 2102 inter
795 2066 840 2113 se,
858 2056 891 2101 ut
902 2057 993 2101 noctu
1041 2093 1042 2098 ,

180 2121 261 2188 signo
273 2119 349 2182 dato,
371 2121 455 2187 quiin
467 2119 569 2187 oppido
580 2118 707 2180 luissent,
727 2121 903 2187 eruptionem
916 2119 994 2172 saee-

179 2198 257 2243 rent:
276 2189 318 2240 illi
329 2190 441 2241 caedem
452 2191 480 2240 in
493 2189 593 2242 castris
608 2189 847 2242 administrarent.
883 2191 947 2240 liae
958 2205 993 2241 re

180 2260 310 2328 cognita,
330 2261 487 2326 insequenti
499 2265 581 2312 nocte
592 2260 688 2328 vigilia
698 2262 784 2312 tertia
794 2268 902 2313 tessera
912 2260 992 2324 data,

180 2337 262 2384 extra
271 2330 374 2381 vallum
386 2345 483 2382 annues
494 2335 560 2381 snut
569 2331 679 2382 concisi.

232 2399 373 2454 xxxvii.
393 2399 570 2452 Carteienses
590 2399 684 2464 duces,
704 2399 768 2452 dnm
780 2402 885 2452 Caesar
904 2401 932 2450 in
945 2400 993 2451 iti-

176 2484 246 2521 nere
266 2470 375 2537 reliqua
394 2470 497 2536 oppida
516 2475 668 2538 oppugnat,
689 2476 807 2538 propter
825 2469 992 2536 Pompeium

177 2539 329 2588 dissentire
350 2546 512 2604 coeperunt.
548 2539 617 2591 Pers
639 2546 709 2603 erat,
731 2555 801 2608 quae
822 2539 931 2607 legatos
951 2540 992 2592 ad

178 2605 326 2657 Caesarem
339 2609 463 2678 miserat,
476 2623 550 2673 pars,
561 2611 607 2676 qui
618 2607 849 2676 Pompeianarum
861 2611 991 2676 partium

177 2669 416 2724 fautorescssent.
453 2675 600 2728 Seditione
621 2680 770 2741 concitata,
790 2686 886 2745 portas
905 2693 992 2730 occu·

177 2745 256 2800 pant:
275 2741 375 2790 caedes
385 2739 419 2791 lit
429 2757 543 2810 magnas
554 2747 666 2797 saucius
677 2747 826 2816 Pompeius
836 2764 922 2802 nares
933 2750 990 2804 XX
