2124 3154
304 211 649 271 HISPANIEN'SI.
827 214 881 268 489

76 315 122 381 qui
134 314 266 381 pra'esidii
277 329 376 368 caussa
389 318 424 369 ab
436 317 478 371 his
489 322 691 390 reciperentur.
727 319 783 382 Qui
794 333 878 387 quum

78 385 112 436 ud
124 385 254 451 oppidum
264 387 422 451 venissent,
452 391 555 453 nostri,
581 393 630 458 qui
643 391 761 444 fuissent
771 389 879 455 equites

69 456 195 506 *tinniani
208 460 236 506 et
247 461 399 520 senatores,
421 474 476 510 non
488 467 555 512 sunt
566 464 625 512 ausi
636 461 753 512 introire
764 460 793 508 in
806 459 880 524 oppi-

78 527 155 586 dum,
178 531 373 593 praeterquam
382 529 429 594 qui
442 531 500 580 eius
512 532 632 582 civitatis
643 531 770 582 fuissent.
806 527 879 588 Quo·

68 610 136 645 -rum
157 597 300 660 responsis
321 597 395 648 ultro
418 602 544 668 citroque
564 602 684 669 acceptis
706 604 735 650 et
755 596 880 658 redditis,

75 680 159 730 quum
176 664 337 716 adnostros
353 683 382 719 se
398 671 568 735 reciperent,
599 673 645 737 qui
657 674 738 722 extra
748 667 880 733 oppidum

76 733 205 795 fuissent,
224 735 266 785 iili
278 735 312 787 de
323 738 462 803 praesidio
474 741 594 791 insecuti
606 755 641 791 ex
650 740 794 790 aversione
805 736 880 802 lega-

67 811 130 854 tos
141 804 316 870 iugularent:
345 808 400 858 duo
421 810 535 876 reliqui,
566 811 612 876 qui
629 824 664 861 ex
680 809 720 861 eis
737 807 878 874 fugerunt,

75 873 190 924 Caesari
207 889 267 926 rem
288 883 395 942 gestam
418 879 580 930 detulerunt
595 886 623 931 et
634 879 822 946 speculatores
842 875 878 928 ad

75 943 205 1009 oppidum
217 946 352 1013 Ateguam
364 949 508 1001 miserunt.
528 951 581 1013 Qui
593 965 675 1016 quum
687 954 793 1000 eertum
805 960 878 996 com·

66 1015 214 1080 ‘perissent
225 1017 382 1083 legatorum
398 1033 542 1086 responsa,
553 1023 595 1070 ita
606 1035 667 1071 esse
678 1024 767 1087 gesta,
783 1031 877 1083 quem·

67 1083 223 1136 admodum
248 1087 289 1136 iili
315 1088 501 1152 retulissent,
517 1091 551 1141 ab
572 1090 717 1157 oppidanis
739 1101 875 1139 concursu

73 1154 163 1217 facto,
195 1169 272 1217 eum,
298 1159 346 1223 qui
358 1157 464 1224 legatos
475 1159 646 1228 iugulasset,
675 1157 800 1225 lapidare
813 1161 842 1206 et
851 1155 877 1205 ei

73 1240 170 1276 ritanus
185 1226 328 1280 intentare
344 1235 509 1294 coeperunt:
540 1231 615 1280 iliius
627 1241 752 1296 operase
763 1227 876 1292 perisse.

71 1296 172 1346 itavix
186 1296 311 1360 perieuie
328 1295 463 1350 liberatus
477 1301 560 1366 petiit
575 1299 780 1366 ab'oppidanis,
809 1299 840 1346 nt
850 1294 877 1345 ei

70 1366 170 1418 liceret
179 1366 302 1434 legatum
314 1367 349 1417 ad
361 1368 508 1421 Caesarem
520 1368 672 1436 proficisci:
703 1367 785 1419 illiso
796 1365 877 1416 satis·

69 1435 220 1488 facturum.
255 1436 402 1489 Potestate
415 1438 494 1502 data,
527 1453 612 1506 quum
623 1437 687 1490 inde
699 1441 773 1489 esset
785 1432 877 1503 profe·

70 1513 141 1568 ctus,
163 1506 301 1572 praesidio
313 1516 484 1574 comparato,
503 1523 584 1576 quum
597 1508 666 1559 bene
677 1521 807 1574 magnam
817 1517 875 1554 ma·

64 1591 137 1641 pum
157 1575 272 1628 fecisset
288 1583 317 1629 et
332 1585 470 1629 nocturno
486 1585 612 1645 tempore
627 1591 677 1644 per
692 1576 830 1628 fallaciam
846 1574 875 1623 in

71 1645 203 1712 oppidum
221 1655 295 1700 esset
309 1655 451 1714 receptus,
482 1649 684 1716 iugulationem
694 1660 822 1713 magnam
834 1641 874 1694 fa·

68 1718 120 1778 cit;
139 1717 372 1784 principibusque,
384 1721 430 1787 qui
443 1719 495 1772 sibi
506 1719 638 1770 contrarii
651 1717 778 1778 fuissent,
789 1715 875 1764 inter⁴

68 1785 164 1847 fectis,
197 1789 326 1854 oppidum
343 1789 372 1838 in
388 1805 466 1840 suam
482 1793 652 1857 potestatem
668 1789 776 1853 recipit.
811 1785 875 1836 Hoc

66 1857 222 1922 praeterito
232 1857 371 1924 tempore,
401 1857 473 1911 servi
488 1858 652 1926 transfugae
664 1859 874 1917 nunciaverunt,

66 1926 270 1991 oppidanorum
279 1930 353 1980 bono
362 1930 453 1990 vendi,
465 1945 516 1981 nee
526 1931 570 1981 eui
583 1935 664 1980 extra
673 1928 776 1979 vallum
787 1926 874 1981 licere

68 1998 156 2059 exire,
177 1999 230 2048 nisi
240 1997 420 2063 discinctum3
439 2000 606 2068 idcircoque,
630 2011 730 2065 exque
741 1996 785 2048 die
796 1995 871 2062 uppi·
944 2013 947 2020 ’

12 2079 14 2114 i
66 2065 133 2117 dum
144 2070 253 2135 Ategua
263 2075 339 2120 esset
350 2077 467 2136 captum,
486 2076 561 2123 metu
573 2065 874 2131 conterritoseompiu·

65 2151 113 2187 ros
124 2135 274 2205 profugere
285 2139 313 2188 in
324 2139 500 2201 Baeturiam,
531 2153 622 2206 neque
632 2138 685 2188 sibi
696 2137 782 2188 ullam
793 2149 872 2201 spem

64 2208 199 2259 victoriae
213 2209 384 2274 propositam
400 2208 517 2261 habere:
546 2214 588 2270 et,
616 2209 640 2259 si
654 2208 701 2275 qui
718 2221 753 2257 ex
768 2205 872 2256 nostris

66 2275 264 2345 transfugerit,
293 2279 323 2326 in
343 2278 433 2330 levem
447 2285 619 2330 erniaturam
635 2277 736 2329 coniici
753 2287 871 2342 eumque

65 2363 122 2398 uon
133 2347 254 2413 erupiins
266 2347 330 2398 XV!
342 2351 475 2416 accipere.
867 2389 870 2395 u

67 2439 71 2446 ·
118 2417 218 2469 xxur.
238 2418 396 2484 insequenti
408 2425 537 2484 temporo
547 2419 650 2470 Caesar
664 2416 765 2469 eastris
779 2419 871 2465 castra

66 2489 185 2540 contulit
200 2493 229 2540 et
244 2485 386 2539 brachium
402 2489 438 2540 ad
453 2489 555 2540 fiumen
572 2487 681 2540 Salsum
697 2488 798 2539 ducere
810 2499 870 2536 coe.

66 2563 115 2627 pit.
152 2559 207 2610 Hic
217 2558 282 2608 dum
298 2557 326 2606 in
339 2573 424 2624 opere
439 2559 529 2610 nostri
539 2558 656 2610 distenti
668 2563 774 2620 essent,
797 2569 869 2606 com·

66 2633 160 2698 piures
181 2643 217 2680 ex
232 2628 379 2694 superiore¹
390 2628 452 2680 loeo
467 2628 690 2680 adversariorum
707 2627 870 2680 decucurre-

12 2719 37 2768 χ
66 2704 154 2753 runt:·
176 2715 228 2752 nee
238 2698 425 2751 desinentibus
436 2699 552 2762 nostris,
577 2699 673 2750 multis
683 2698 748 2750 telis
758 2695 870 2748 iniectis

28 2772 32 2780 “
67 2769 227 2839 cumplures
242 2769 402 2836 rulneribus
418 2768 554 2831 adiecere.
585 2769 767 2834 Hictanieu,
790 2774 820 2822 ut
830 2765 870 2818 ait
