2152 3144
173 175 252 244 sos³
355 187 387 240 s.
405 165 550 241 merri
568 169 788 240 cubando

171 309 233 347 rum
243 291 437 362 profitebatur,
449 291 547 343 ducem
559 290 746 355 adsciverunt,
757 281 977 360 'praetoremque¹

171 363 350 434 adpellerent
361 365 399 413 'et
415 367 578 413 contentam
593 360 848 414 sibi'adiuoxerunt
869 367 978 414 eastra·

172 431 274 501 quoad
286 430 441 484 Cordubam
452 436 614 498 posuerunt.
650 430 763 483 Cassius
780 431 908 484 eu'biduo
921 432 976 481 cir·

175 505 246 555 citer
255 507 375 569 quatuor
384 500 462 551 milia
471 502 601 566 passuum
613 515 630 550 a
641 499 777 564 Corduba,
788 499 977 552 citrailumen'

174 571 299 634 Baetim,
319 571 348 620 in
360 569 453 636 oppidi
467 575 632 635 conspeetu,
653 569 716 620 loco
729 567 839 622 excelso
851 568 977 621 facit'ca·

174 639 248 703 stra}
267 640 377 692 litteras
388 639 528 707 ad'regcm
541 637 685 705 Bogudem
696 640 723 688 in
735 640 933 691 Mauritaniam
945 643 976 689 et

175 711 261 763 adm.
278 709 412 776 Lepidum
428 707 623 775 proconsulem
639 708 848 776 in'llispaniam
859 711 981 769 ¹eitcrim

174 796 235 834 rem
257 779 357 842 mittit,
380 779 522 830 subsidio·
535 777 590 828 sibi
610 779 825 846 provinciaeque
847 777 976 830 caesaris

175 865 275 902 caussa
288 855 379 916 'quam
401 849 525 915 primum¹
538 847 654 898 reniret.
689 847 750 913 lpse
771 847 867 912 hostili
890 847 977 898 mddo

176 919 397 970 Cordubensium
408 931 491 985 agros
501 921 602 979 vastat,
612 916 739 968 aedilicia
749 919 888 982 incendit,
933 931 935 982 j
967 929 970 934 '

186 1015 189 1024 ·
228 987 287 1039 er.
298 977 643 1038 'Cuius‘r'ei'de'io'rmitate
660 992 744 1054 atque
760 987 927 1055 indignitate
938 985 979 1039 le·

175 1057 282 1126 mones,
291 1070 362 1124 quae
372 1055 536 1108 Marcellum
547 1055 599 1106 sibi
610 1051 706 1107 du'eem
717 1063 857 1123 ceperant,
866 1056 900 1108 ad
912 1049 977 1107 euni

176 1130 424 1188 concurrerunt,ut
433 1125 555 1177 inaciem
567 1125 899 1194 educerentur,pr'iusque
910 1141 978 1176 cosi-

174 1195 291 1264 lligendi
301 1195 357 1247 sibi
370 1201 496 1262 potestas
506 1197 601 1258 tieret,
622 1195 705 1262 quam
717 1211 778 1247 cum
790 1201 870 1246 tanta
880 1200 980 1248 contu·
1066 1191 1067 1248 i

175 1267 261 1319 melia
271 1265 462 1317 nubilissimae
478 1266 693 1333 carissimacque
708 1267 901 1335 possessiones
912 1266 981 1316 Cor·

176 1336 343 1390 dubensium
355 1336 385 1385 in
395 1341 546 1401 conspectu
558 1349 608 1386 suo
628 1335 746 1401 rapinis,
767 1334 844 1386 ferro
855 1333 981 1384 flamma-

177 1409 491 1474 que‘consumerentur.
526 1404 695 1468 Marcellus,
721 1405 803 1472 quum
825 1403 980 1471 confligere

175 1477 364 1529 miserrimum
376 1480 509 1543 putaret,¹
532 1474 605 1542 quod
617 1480 646 1525 et
655 1474 769 1526 uictoris
779 1480 808 1526 e't
817 1474 883 1524 victi
894 1473 981 1524 deti-i*

176 1552 302 1598 mentum
313 1544 349 1597 ad
365 1544 484 1597 eundem
500 1545 647 1596 Gaesarem
659 1549 735 1596 esset
745 1543 981 1603 redundaturum
1001 1549 1004 1554 “

176 1630 269 1682 neque
286 1615 354 1666 'suae
371 1616 519 1680 potestatis
534 1629 609 1678 esse3
626 1615 750 1682 legiones
765 1614 874 1665 Baetim
889 1611 982 1662 trans'·

178 1685 257 1736 ducit
272 1690 358 1751 atque
372 1686 457 1736 aciem
475 1685 598 1734 instruit.
634 1683 724 1744 Quum
742 1683 866 1734 Cassium
882 1685 983 1733 contra

176 1767 229 1822 pro
240 1753 408 1804 suis'castris
425 1754 513 1804 aciem
529 1753 696 1804 instruxisse
713 1753 774 1804 loco
786 1753 931 1820 superiore
942 1750 983 1799 ri·

178 1821 268 1882 deret,
278 1835 375 1872 caussa
384 1821 560 1888 interposita,
575 1820 648 1887 quod
658 1823 682 1872 is
693 1823 722 1872 in
734 1837 852 1889 aequum
864 1836 918 1872 non
931 1819 982 1882 deq

178 1887 337 1953 scanderet,
356 1890 510 1942 Marcellus
525 1891 660 1942 militibus
676 1887 840 1958 persuadet,
860 1896 892 1941 ut
908 1905 938 1941 se
950 1890 981 1940 in

178 1961 432 2026 castra'recipiant.
485 1961 582 2027 ltaque
604 1962 698 2026 copias
724 1959 856 2024 reducere
878 1961 980 2028 coepit.

178 2030 302 2092 cassius,
313 2045 368 2098 quo
378 2030 452 2082 bono
462 2029 586 2092 valebat,
607 2028 829 2097 Marcellumque
840 2029 980 2080 infirmum

179 2115 242 2153 esse
250 2100 367 2162 sciebat,
381 2098 675 2172 =‘adgressus·equitatu
687 2100 858 2168 legionarios
869 2115 899 2151 se
911 2097 984 2150 reei·'

178 2172 300 2239 pientes,
310 2169 464 2236 complures
475 2171 640 2221 novissimos
650 2171 679 2220 in
690 2167 811 2222 fluminis
821 2169 888 2236 ripis
897 2171 982 2220 inter·

179 2239 248 2294 licit.
283 2240 375 2302 Quum
387 2237 439 2291 hoc
449 2239 626 2302 detrimento,
633 2241 699 2308 qnid
711 2235 845 2291 transitus
856 2233 981 2304 fluminis

179 2311 242 2361 vitii
262 2309 486 2377 difficultatisque
501 2307 625 2370 haberet,
647 2311 787 2378 cognitum
803 2309 895 2370 esset,
906 2307 982 2358 Mar·

181 2379 267 2431 cellus
288 2387 381 2432 castra
400 2379 507 2431 Baetim
527 2378 675 2442 transfert,
687 2381 841 2448 crebroque
863 2382 981 2443 uterquc

182 2445 311 2516 legiones
330 2451 358 2500 in
374 2450 460 2501 aciem
478 2449 584 2511 educit3
602 2464 692 2517 neque
707 2454 799 2501 tamen
820 2445 982 2514 confligitur
1064 2509 1069 2522 ¹

182 2519 430 2636 prepterlocorum
443 2517 633 2602 difficultates.
678 2593 680 2598 Δ
801 2591 807 2603 .

193 2619 196 2627 -
261 2586 309 2636 xi.
328 2587 396 2637 Erat
405 2601 491 2653 copus
500 2587 677 2653 pedestribus
692 2588 779 2639 multo
790 2588 898 2640 tirmior
907 2583 983 2637 Mar-

183 2651 281 2703 eslius:
297 2653 423 2706 ¹habebat
442 2657 516 2707 enim
531 2659 679 2708 veteranas
694 2658 846 2728 multisque
867 2647 982 2724 proeliis

183 2725 312 2785 expertas
322 2723 473 2790 legiones«
492 2725 874 2798 emerammi-magnonem
884 2723 980 2776 virtuti
