2150 3124
187 144 220 197 so
377 99 846 194 nurnero-ennium,
926 189 967 198 ,,

188 258 278 298 mores
288 242 499 307 adferebantur,
520 245 677 312 litterisque
687 247 754 296 item
764 244 882 298 Labieni
890 249 987 298 certior

188 318 282 377 tiebat,
313 329 408 366 omnes
422 315 536 382 Belgas,
564 315 647 382 qnam
667 317 779 366 tertiam
802 330 861 366 esse
883 314 988 367 Galliae

186 391 291 452 portem
303 385 474 446 dixeramus,
486 383 582 435 contra
593 384 724 451 populum
735 385 888 435 Romanum
900 387 987 434 coniu-

186 471 263 518 rare,
284 453 448 521 obsidesque
463 457 536 506 inter
551 469 581 505 se
597 454 677 505 clare:
699 454 861 505 coniurandi
872 452 921 504 has
931 469 988 505 esse

186 539 310 576 caussas:
332 525 463 590 primum,
479 525 553 591 quod
562 530 738 586 vererentur,
748 539 797 586 ne,
808 524 882 590 omni
893 531 988 592 pacata

187 592 292 656 Gellia,
311 593 346 643 ad
357 607 404 644 eos
415 596 552 644 exercitus
563 601 657 645 noster
667 594 863 645 adduceretur:
885 592 987 654 derude

187 663 259 730 quod
275 664 309 713 ab
325 662 465 717 nonnullis
476 663 564 714 Gallis
575 662 805 724 sollicitarentur,
825 663 924 728 partim
935 663 987 728 qui,

187 741 218 784 ut
228 733 381 783 Germanos
396 732 500 782 diutius
515 734 544 782 in
554 732 647 782 Gallia
657 734 761 784 versari
772 732 932 792 noluerant,
950 731 989 780 ite

188 803 281 869 populi
294 801 408 851 Romani
424 803 574 858 exercitum
586 799 708 868 hiemare
718 806 800 869 atque
811 802 989 852 inveterasce-

187 887 217 923 re
233 875 261 922 in
273 870 366 920 Gellia
382 870 497 920 moleste
514 869 652 920 terebant:
677 873 777 936 partim
793 872 844 937 'qui
855 868 990 920 mobilita-

187 948 215 992 te
226 945 254 990 et
264 939 377 990 levitate
388 940 471 988 animi
482 941 560 988 novis
570 940 694 1004 imperiis
706 940 867 990 studebunt:
878 939 912 990 ab
924 953 987 988 non-

186 1009 269 1059 nullis
285 1009 381 1068 etium,
402 1007 476 1074 quod
491 1005 518 1057 in
531 1006 624 1058 Gallia
639 1023 655 1058 a
670 1010 887 1074 potentioribus,
908 1013 989 1075 atque

186 1079 236 1141 his,
243 1079 288 1144 qui
300 1077 335 1127 ad
347 1076 542 1130 conducendos
550 1075 675 1128 homines
685 1077 833 1128 iaesrltates
844 1076 989 1137 habebant,

184 1149 268 1214 vulgo
284 1161 370 1212 regna
380 1147 596 1211 occupabantur,
611 1149 663 1218 ,quiq
670 1149 758 1212 miuus
765 1145 849 1206 facile
860 1162 920 1198 eam
932 1161 989 1198 rem

184 1217 300 1284 imperio
311 1221 405 1266 nostro
417 1217 546 1283 consequi
558 1220 713 1282 poterant.¹
752 1218 767 1262 '.
936 1273 939 1279 1
981 1259 986 1282 ,

238 1287 271 1336 ΙΙ.
307 1285 344 1336 lis
360 1285 463 1340 nuntiis
474 1284 634 1353 litterisque
643 1289 797 1338 commotus
809 1285 910 1336 Caesar
922 1284 992 1352 diras

185 1355 309 1422 legiones
325 1355 353 1404 in
368 1356 496 1408 citeriore
507 1354 601 1420 ¹Gallia
616 1358 700 1406 novas
711 1357 873 1419 conseripsit
883 1359 911 1412 et
921 1355 990 1406 inita

186 1430 306 1484 aestate,
320 1425 349 1474 in
360 1425 521 1476 interiorem
534 1423 654 1484 Galliam
665 1426 711 1492 qui
723 1425 884 1486 deduceret,
896 1423 928 1484 Q.
940 1421 990 1472 Pe-

185 1495 260 1546 dium
270 1494 397 1560 ,legatum
414 1496 495 1546 misit.
531 1494 603 1561 lpse,
619 1511 702 1562 quum
713 1497 830 1560 primum
842 1491 934 1558 pabuli
946 1505 992 1541 co·

185 1567 230 1634 pia
240 1579 300 1614 esse
311 1564 458 1629 inciperet,
475 1563 510 1614 ad
521 1565 671 1616 exercitum
683 1565 768 1624 venit:
790 1563 837 1613 dat
848 1563 991 1627 negotium

185 1634 338 1685 Senonibus
363 1632 531 1699 reliquisque
558 1631 660 1694 Gallis,
689 1633 736 1699 qui
756 1631 870 1691 iinitimi
895 1629 990 1694 Belgis

185 1709 273 1763 erant,
284 1703 325 1750 uti
337 1715 382 1762 ea,
394 1716 464 1766 quac
475 1699 547 1765 apud
559 1714 606 1750 eos
616 1706 761 1766 gerantur,
771 1703 939 1765 cognoscant
949 1713 992 1747 se·

184 1785 236 1838 que
257 1771 291 1820 de
312 1767 352 1817 his
367 1769 451 1818 rebus
466 1769 613 1819 certiorem
630 1768 740 1819 saciant.
776 1769 814 1818 Hi
829 1771 992 1828 constanter

184 1853 279 1889 omnes
290 1837 502 1898 nunciaverunt,
524 1839 853 1905 manuscogi,cxereitum
864 1837 892 1886 in
902 1850 999 1886 unum.

185 1909 277 1958 locum
297 1905 422 1956 conduci.
458 1907 529 1957 Tum
545 1920 611 1956 vero
627 1907 808 1957 dubitandum
824 1920 877 1956 non
895 1906 992 1955 existi·

183 1977 281 2036 mavit,
300 1977 365 2044 quin
381 1975 415 2028 ad
427 1989 475 2025 eos
487 1974 667 2039 [duodecimo
683 1975 744 2048 die]
759 1977 993 2042 proficisceretur.

183 2047 223 2098 Re
239 2044 420 2100 frumentaria
430 2043 553 2110 provisa,
574 2051 666 2096 castra
676 2051 768 2098 irroret
778 2045 929 2112 diebusque
940 2046 994 2095 cir·

184 2117 253 2168 riter
264 2113 419 2184 quindecim
431 2113 466 2167 ad
476 2114 544 2165 fines
555 2113 702 2181 Belgarum
714 2116 846 2182 pervenit.
885 2172 887 2174 ,
922 2139 923 2144 =
984 2173 989 2184 α

233 2186 280 2237 lll.
316 2185 446 2249 quuum
458 2182 492 2232 de
502 2183 650 2248 improviso
661 2184 833 2252 celeriusque
845 2185 920 2236 omni
932 2186 994 2250 opi-

183 2258 265 2309 nione
281 2254 413 2313 venisset,
435 2253 525 2314 Remi,
545 2253 591 2319 qui
602 2255 721 2320 proximi
732 2253 840 2306 Galliae
850 2269 884 2306 ex
895 2253 995 2320 Belgis

184 2329 265 2385 sunt,
274 2322 308 2388 ad
320 2337 381 2386 epm
394 2321 509 2388 legatos,
520 2321 620 2374 lccium
632 2329 660 2374 et
669 2325 878 2392 Antobrogium,
886 2325 995 2390 primos

185 2394 319 2453 civitatis,
331 2391 477 2452 miserunt,
493 2392 540 2458 qui
550 2391 687 2455 dicerent,
703 2409 732 2444 se
743 2408 847 2461 suaque
859 2393 953 2443 orrroia
963 2392 995 2441 in

184 2463 264 2514 iidem
276 2466 360 2528 atquc
372 2461 399 2509 in
412 2465 577 2522 potestatem
588 2463 683 2526 populi
689 2463 804 2514 Romani
813 2464 994 2528 permittere:

184 2546 272 2598 neque
288 2545 317 2580 se
329 2544 390 2580 cum
403 2528 496 2596 Belgis
508 2529 620 2597 reliquis
631 2535 814 2594 consensisse,
825 2546 914 2599 neque
925 2542 995 2578 con-

183 2606 228 2650 tra
244 2597 377 2664 populum
392 2595 544 2649 Romanum
560 2603 671 2652 omnino
682 2599 852 2655 coniurasse:
863 2603 994 2668 paratos-

183 2680 235 2735 que
247 2681 308 2719 esse
318 2671 348 2718 et
357 2667 466 2721 obsides
477 2667 557 2730 dero,
568 2675 596 2720 et
606 2671 745 2739 imperate
753 2673 857 2728 faeere,
872 2671 901 2721 et
912 2668 993 2732 oppi-
