2152 3132
181 161 230 216 iao
365 160 422 216 DE
442 160 585 240 BELLO
605 161 791 217 oahblco

178 262 404 318 soaSsnonibus
425 273 454 318 et
469 267 637 319 Carnutibus
657 267 775 335 aliisque
794 261 993 332 compluribus

118 365 121 374 ·
178 336 287 387 Galliae
299 337 475 400 civitatibus,
495 336 549 388 hue
563 338 618 388 iter
633 337 773 390 iacturum
783 351 834 401 per
844 336 918 387 fines
932 338 993 388 Re·

177 421 296 468 morum,
306 421 549 475 eorumqueagros
557 407 754 475 populaturum
763 407 889 473 acprius,
899 421 992 472 quam

179 477 209 528 id
224 473 323 540 iaciat,
342 476 461 529 Labieni
475 483 568 529 castra
578 481 816 546 oppugnaturum:
837 488 908 542 quae
918 473 991 528 fieri

179 547 257 609 velit,
291 547 416 615 raecipit

232 616 255 667 L
281 616 315 668 ΙΙ.
338 615 489 682 Labienus,
510 633 595 688 quum
616 622 645 670 et
663 617 719 668 loci
739 621 840 667 natura
855 618 885 666 et
899 629 991 666 manu
1059 647 1060 688 q

180 686 374 742 munitissimis
385 689 485 738 castris
496 702 558 751 sese
568 691 680 747 teneret
685 723 699 750 „
714 686 749 737 de
759 701 811 738 suo
822 701 855 736 ac
863 686 991 752 legionis

179 756 304 824 periculo
315 754 385 814 nihil
394 758 526 820 timebat3
537 773 572 818 na
582 772 664 824 quam
671 757 850 808 occasionem
861 757 902 806 rei
913 755 991 806 bene

180 825 321 893 gerendae
337 825 508 889 dimitteret,
528 828 680 894 cogitabat.
715 825 814 893 ltaque
825 825 991 892 acingeto-

180 897 242 962 rige
253 895 338 962 atque
355 895 416 945 eius
434 897 596 964 propinquis
607 897 736 948 oratione
747 894 932 948 Indutiomari
944 908 991 945 co-

202 966 270 1026 nita,
290 977 372 1031 quam
383 964 414 1013 in
425 964 543 1016 sonciiio
555 963 701 1027 babuerat,
722 964 840 1015 nuncios
851 965 940 1015 mittit
952 963 990 1014 ad

180 980 315 1084 finitimas
337 1033 468 1092 civitates
490 1035 656 1100 equitesque
677 1033 798 1100 undique
819 1038 930 1094 evocat:
953 1034 990 1085 iis

181 1108 288 1154 certum
300 1102 374 1152 diem
386 1103 572 1161 conveniendi
581 1103 658 1170 dicit.
693 1103 809 1154 interim
820 1118 909 1171 prope
920 1117 990 1171 qno-

180 1171 329 1234 tidiecunr
349 1174 424 1231 omui
444 1173 792 1240 equitatuindutiomarus
812 1174 863 1225 sub
884 1173 988 1224 castris

182 1243 242 1294 eius
254 1243 423 1308 vagabatur„
442 1241 512 1292 alias
523 1248 560 1294 ut
571 1245 656 1295 situm
670 1248 825 1294 castrorum
836 1257 988 1311 cognosce-

181 1315 237 1374 ret,
254 1311 323 1362 alias
335 1311 510 1378 colloquendi
521 1318 571 1365 aut
580 1312 729 1364 territandi
741 1328 853 1382 caussa:
875 1313 987 1382 equites

192 1381 346 1449 'lorumque
367 1395 464 1432 omnes
489 1376 558 1434 tela-¹
571 1385 648 1434 intra
667 1383 770 1434 vallum
790 1383 995 1445 coniiciebaut.'

181 1397 325 1506 Rabienus
337 1452 490 1503 suosintra
500 1443 670 1518 munitiones
685 1453 849 1505 continebat
861 1452 987 1503 timoris·
1059 1425 1060 1501 i

182 1535 240 1641 qulqv
256 1521 414 1588 opinionem
420 1529 431 1586 ᾗ
450 1521 669 1594 quibuscumque
688 1527 804 1591 poterat
822 1521 920 1586 rebus,
939 1537 986 1574 au·
1059 1519 1060 1580 i

202 1596 275 1642 eat.

182 1605 201 1666 g
235 1659 340 1726 LVIII„
355 1662 446 1726 Quum
463 1663 613 1728 maiorein
627 1662 688 1714 dies
704 1661 893 1714 contemtione
903 1660 984 1712 indu·

182 1729 320 1782 tionrarus
332 1731 368 1783 ad
378 1736 471 1782 castra
482 1731 636 1794 accederet,
646 1737 730 1782 nocte
741 1728 806 1794 una,
815 1732 983 1794 intromissis
1059 1731 1060 1774 i

183 1799 325 1866 equitibus
340 1802 464 1853 omnium
480 1800 663 1852 finitimarum
679 1802 833 1862 civitatum,
853 1814 928 1866 quos
942 1814 983 1851 ar·

182 1869 333 1940 cessendos
353 1874 514 1934 curaverat,
533 1875 612 1921 tanta
632 1869 780 1936 diligentia
800 1883 897 1920 omnes
917 1883 982 1922 suos
1059 1877 1060 1896 ¹

182 1937 317 1990 custodiis
328 1940 403 1991 intra
414 1940 670 2003 castracontinuit‚
690 1945 725 1989 ut
737 1938 815 1989 nulla
830 1939 939 1990 ratione
950 1956 983 1992 ea
1059 1965 1060 1974 1

180 2022 228 2060 res
245 2011 389 2060 enunciari
405 2015 454 2062 aut
467 2009 503 2060 ad
518 2010 652 2060 Treviros
667 2007 792 2077 perferri
801 2013 906 2075 posset.
941 2008 983 2060 ln·
1004 2068 1007 2074 .

181 2080 267 2138 terim
284 2093 320 2131 cx
333 2079 536 2131 ‚consuetudine
552 2079 718 2146 quotidiana
729 2077 936 2130 Indutiomarus
948 2079 982 2130 ad

182 2155 277 2208 castra
287 2149 393 2201 aceedit
408 2155 493 2217 utque
505 2149 543 2200 ibi
555 2164 684 2216 magnam
699 2155 808 2216 partem
818 2147 875 2199 diei
887 2163 981 2200 consu·

181 2220 248 2283 mit3
263 2220 375 2286 ,equites
386 2220 444 2286 tela
454 2220 606 2270 coniiciunt
616 2225 645 2271 et
655 2234 759 2286 magna
770 2233 831 2268 cum
842 2224 980 2271 contume-

180 2289 220 2342 lia
230 2290 379 2342 verborum
393 2295 505 2348 nostros
515 2288 552 2340 ad
562 2304 684 2356 pugnam
694 2293 818 2341 evocant„
855 2287 937 2340 Nullo
947 2289 979 2340 ab

98 2369 99 2374 ’
181 2359 288 2410 nostris
300 2358 364 2412 dato
375 2373 520 2426 responso,
540 2359 587 2410 ubi
599 2361 687 2412 visum
698 2367 756 2424 est,
775 2358 828 2410 sub
837 2372 979 2425 vesperum

182 2426 304 2495 dispersi
326 2445 358 2480 ac
379 2428 508 2495 dissipati
527 2428 682 2481 discedunt.
722 2429 819 2482 Subito
840 2429 978 2480 Labienus

182 2496 289 2550 duabus
305 2499 394 2563 portis
412 2513 521 2550 ornnem
539 2501 693 2565 equitatum
706 2501 827 2562 ernittit3
848 2498 978 2566 praecipit

180 2569 265 2633 atque
277 2567 427 2630 interdicit,
440 2569 601 2633 proterritis
613 2567 741 2621 hostibus
752 2576 836 2636 atque
847 2571 875 2618 in
887 2567 976 2634 iugum

180 2635 324 2697 coniectis,
344 2637 519 2702 (quodidie,
539 2639 613 2690 sicut
623 2639 733 2702 accidit,
752 2637 875 2699 ridebat)
896 2651 973 2688 unum

152 2775 154 2790 1
180 2716 277 2755 ornnes
293 2710 391 2770 petant
410 2705 646 2776 Indutiomarum
663 2724 719 2762 neu
733 2707 794 2777 quis
811 2721 893 2776 quem
904 2707 973 2772 prius

84 3028 189 3090 A
