2180 3140
386 145 540 202 alasa
574 147 615 200 ll.
859 146 912 202 3⁰3

100 249 225 306 hostium
237 252 272 304 sb
282 255 401 318 utroque
419 265 507 302 cornu
522 251 669 302 circumire
687 252 775 302 aciem
788 257 912 303 nostram

100 327 132 374 et
142 335 255 374 aversos
265 326 412 387 proterere
421 320 526 386 incipit
563 318 655 380 Quum
665 317 795 372 cohortes
805 334 842 370 ex
851 323 911 373 acic

101 391 362 458 procucurrissent,
397 389 536 442 Numidae
550 389 653 454 integri
669 388 812 442 celeritate
827 391 912 455 impc-

101 466 162 514 tum
181 465 343 512 nostrorum
364 457 548 527 effugiebant,
569 473 723 524 rursusque
743 459 777 509 ad
798 458 911 511 ordinas

101 545 169 584 suas
180 545 211 582 se
222 530 393 596 recipientes
414 530 598 582 circumibant
613 533 642 580 et
657 527 692 578 ab
703 529 763 580 acie
784 528 911 582 exclude-

102 601 179 656 tant.
215 597 263 651 Sic
273 614 402 667 nequem
412 599 475 652 loco
487 613 601 650 strauere
612 597 780 665 ordinesque
790 613 911 662 servare,

102 685 195 737 neque
206 683 371 736 procurrere
383 676 412 720 et
422 685 518 721 casum
527 670 631 730 subire,
652 674 744 719 tutum
755 667 910 722 videbatur.

103 741 237 794 ilustiunr
249 741 355 806 copiae,
375 739 519 792 submissis
533 739 568 792 ab
584 753 651 805 rege
668 737 790 801 auxiliis,
811 738 911 790 erebro

75 831 79 840 ¹
102 809 293 876 augebantur:
319 814 430 861 nostros
449 811 524 862 vires
544 807 708 861 lassitudine
728 807 910 860 deficiebant:

102 878 188 932 simul
197 879 227 942 ii,
239 878 286 946 qui
295 879 412 931 vulnera
423 884 600 946 acceperunt,
622 893 713 946 neque
724 878 784 932 eoie
795 877 910 930 excede·

102 963 145 1011 re,
157 964 248 1017 neque
256 950 287 1002 in
297 948 389 1002 lacurn
398 956 489 1003 tutum
500 949 601 1004 referri
611 954 751 1014 poterant,
766 947 839 1015 quud
849 953 910 1002 tots

102 1019 179 1072 acies
199 1020 325 1086 equitatu
341 1016 462 1072 lordum
477 1019 648 1072 circumdata
667 1019 824 1074 tenebatur.
860 1019 911 1080 lli,

102 1088 140 1142 dc
149 1089 302 1142 suasalute
311 1088 504 1156 desperantes,
519 1097 551 1143 ut
561 1096 688 1142 extremo
700 1090 772 1140 vitae
782 1096 911 1156 tempor·

103 1156 230 1212 hominos
240 1157 333 1212 iecere
344 1165 524 1223 certauerunt,
545 1163 595 1214 aut
606 1173 686 1212 suurn
697 1163 818 1212 mortem
829 1160 910 1210 misc·

103 1228 249 1291 labantur,
264 1237 313 1281 aut
323 1235 454 1295 limentes
464 1246 531 1282 suos
543 1229 784 1290 commendabant,
805 1229 828 1278 si
840 1241 910 1295 qnos

101 1313 140 1350 ex
159 1312 194 1350 eo
214 1300 339 1366 periculo
361 1297 475 1352 fortuna
494 1315 607 1354 servare
629 1300 777 1366 potuisset.
824 1296 912 1351 Plena

102 1374 187 1422 want
197 1369 292 1420 onmia
302 1369 414 1420 tinuerit
426 1376 456 1421 at
469 1369 570 1422 luctus.

155 1436 241 1490 xth
261 1437 345 1490 Curio
356 1439 416 1502 ubi,
436 1440 594 1505 perterritis
605 1438 749 1500 omnibus,
770 1450 858 1503 neque
869 1451 911 1486 co·

104 1505 281 1559 hortationes
302 1523 386 1569 suas,
415 1525 506 1576 neque
532 1522 628 1575 preces
648 1508 737 1558 audiri
763 1504 911 1572 intellegit,

8 1613 9 1618 ,
104 1592 199 1639 unsar,
209 1582 241 1629 ut
252 1577 361 1630 nriseris
373 1579 401 1630 in
412 1578 505 1642 rebus,
520 1593 598 1644 spem
612 1578 748 1646 reliquam
760 1575 860 1626 salutis
872 1589 911 1626 cs-

104 1661 136 1700 se
148 1647 312 1710 arbitratus,
332 1649 475 1712 proximos
495 1648 581 1702 calles
596 1661 695 1714 capere
710 1648 856 1700 universos
872 1651 912 1694 at-

103 1715 499 1784 qneeosignsintcmiiubet.
535 1718 912 1786 llosquopuepracacoupat
993 1745 994 1748 =
1079 1743 1080 1802 3

28 1817 30 1824 ,
104 1789 235 1840 ninius
246 1785 514 1859 Sabumequitatus.
550 1790 621 1840 'l'um
642 1802 708 1844 vero
724 1785 760 1836 sd
774 1799 911 1838 ¹surtrauun

80 1857 84 1866 ’
104 1856 329 1923 desperationem
341 1859 430 1908 riustri
443 1861 609 1924 perveniunt
619 1863 648 1910 et
658 1857 759 1923 partim
770 1855 911 1922 fugientes

104 1926 140 1977 ab
155 1926 517 1993 equitatuinterliciuutur,
537 1928 640 1995 partim
660 1926 766 1993 integri
786 1939 911 1992 procum·

104 1995 183 2046 bunt.
216 1995 354 2048 Hortatur
364 1997 514 2052 Curiam
525 2000 576 2050 Cu.
587 1997 739 2058 Domitius,
751 1994 911 2062 praefectus

105 2067 240 2130 equitium,
256 2080 318 2118 cum
329 2068 425 2133 paucis
437 2069 579 2135 equitibus
590 2067 811 2128 circumsistens,
824 2071 859 2114 ut
868 2061 911 2114 fu-

105 2147 142 2202 ga
153 2132 271 2186 salutem
283 2140 361 2200 petat
372 2142 455 2204 atque
466 2138 496 2190 in
507 2144 601 2190 castra
611 2135 776 2198 contendat3
792 2142 820 2186 et
831 2149 864 2184 se
874 2133 909 2184 uls

35 2259 37 2266 s
106 2216 141 2253 eo
153 2216 209 2253 non
220 2201 411 2256 discessurum
421 2205 579 2272 pollicetur.
606 2207 643 2258 m
654 2205 748 2266 Curio,
760 2217 908 2267 numquam

105 2287 146 2332 se,
167 2270 271 2322 amisso
288 2273 422 2336 exercitu,
442 2289 525 2340 quen
535 2277 686 2328 acacssre
699 2273 769 2326 iidci
783 2273 900 2322 armni·

105 2355 168 2394 m
178 2341 332 2405 acceperit,
353 2343 383 2394 iss
393 2343 456 2396 eius
463 2350 647 2410 conspectum
659 2357 836 2394 reversurum
847 2356 911 2391 con·

106 2409 298 2480 ffiaratatquc
308 2411 349 2464 ita
358 2413 501 2478 praelians
512 2413 690 2468 interficitur.
721 2411 837 2478 Equites
851 2426 910 2477 per·

106 2479 189 2564 ppuci
201 2493 237 2532 cx
247 2479 359 2545 proeli-o
370 2497 402 2534 se
412 2483 565 2548 necipriuat:
578 2481 634 2566 'sed
649 2482 679 2544 il,
694 2497 763 2548 quos
774 2481 810 2534 sd
822 2481 911 2532 ituris·
985 2515 987 2520 ,

107 2565 214 2670 :muse
224 2551 838 2691 ‹fflglstfflffimtlffgffimimgm
848 2551 912 2686 m

107 2689 153 2741 cul
168 2688 371 2754 aniumdversa,
392 2707 455 2744 sese
477 2693 632 2745 incolumes
653 2693 682 2743 in
704 2699 797 2744 rastra
817 2694 912 2744 conle-

110 2765 184 2810 mm.
222 2759 331 2814 Milites
343 2761 378 2814 ad
389 2779 474 2816 unum
485 2778 583 2817 onmes
597 2761 814 2814 interficiuntur.
