2152 3144
374 163 535 216 ,LIBER
568 165 647 218 111..
859 163 913 218 ³50

112 281 164 335 que
175 265 280 318 frustra
291 267 443 332 antiquitus
455 267 614 318 institutum
630 271 684 327 est,
704 272 736 317 ut
746 269 825 334 signa
833 268 912 318 undi-

112 352 165 404 que
185 337 364 388 concinerent
396 337 600 402 clamoremque
624 337 747 388 universi
767 335 914 386 tollerentr

113 407 213 474 quibus
224 407 307 457 rebus
318 410 346 457 et
356 404 451 460 hostes
462 406 572 470 terreri,
582 410 612 458 et
621 420 685 457 suos
697 407 808 456 incitari
819 406 914 457 existi·

113 481 265 528 uraverunt.
670 475 690 530 .'

165 546 258 596 XCili.
277 542 332 596 Sed
342 545 428 595 nostri
440 543 553 607 milites,
565 543 632 596 dato
642 545 731 614 signo,
749 557 833 610 quum
844 542 915 596 inie-

113 615 163 666 stis
184 614 247 681 pilis
273 616 509 681 procucurrissent
535 620 618 680 atque
644 613 916 677 animadvertissent,

114 700 170 735 non
185 685 312 735 concurri
327 699 344 734 a
354 683 542 749 Pompeianis:
560 695 614 734 usu
627 685 711 748 periti
722 698 755 734 ae
765 685 915 748 superiori·

10 805 14 818 ,
112 753 163 804 bus
178 755 276 820 pugnis
296 754 442 805 exercitati
462 769 514 804 sua
533 758 633 820 sponte
645 767 754 804 cursum
776 767 915 818 represse-

111 827 178 874 runt
189 823 263 874 etad
274 823 395 874 medium
411 821 472 874 iere
487 825 605 890 spatium
617 824 817 885 constiterunt,
838 827 870 873 ut
880 837 916 875 ne

101 891 263 964 ¹rioriuumtis
274 893 377 944 viribus
389 891 656 960 adpropinquarent3
678 907 818 960 parvoque
829 893 915 944 inter·

112 959 196 1012 inisse
209 963 340 1029 temporis
352 963 452 1028 spatio,
462 977 493 1014 ac
505 977 601 1013 rursus
611 967 744 1015 renovato
755 977 846 1025 cursu,
858 961 916 1029 pila

112 1032 251 1082 miserunt
262 1033 457 1100 celeriterque,
478 1039 510 1084 ut
523 1038 584 1084 erat
595 1039 774 1099 praeceptum
786 1047 803 1082 a
815 1033 914 1083 Caesa·

112 1101 268 1168 re„gladios
278 1101 459 1154 strinxerunt.
495 1101 591 1169 Neque
603 1102 840 1167 veroi’ornpeiani
850 1100 917 1154 huie

112 1173 154 1222 rei
166 1169 325 1223 defuerunt.
353 1171 422 1224 Nam
434 1177 463 1224 et
472 1171 530 1224 tela
540 1172 625 1224 missa
636 1171 815 1236 ericeperunt‚
826 1177 856 1222 et
866 1173 916 1222 im·

112 1245 208 1308 petum
219 1241 362 1308 legionum
374 1243 500 1294 tulerunt
511 1240 660 1292 et'ordines
672 1245 916 1306 conservaverunt,

112 1310 228 1377 pilisque
245 1311 348 1372 missis,
368 1311 402 1364 ud
418 1309 526 1378 gladios
541 1311 694 1363 redierunt.
729 1310 835 1362 Eodem
846 1315 915 1362 tem·

111 1394 178 1446 pore
187 1381 299 1446 'equites
309 1380 343 1431 ab
354 1381 467 1432 sinistro
478 1379 603 1446 Pompeii
613 1395 708 1442 cornu,
719 1386 751 1431 ut
761 1384 822 1430 arat
831 1381 917 1448 impo-

111 1447 212 1510 rium,
226 1449 351 1500 universi
363 1457 598 1517 procucurrerunt
609 1452 753 1515 omnisque
764 1449 915 1500 multitudo

110 1520 320 1588 sagittariorum
333 1533 363 1570 se
380 1519 517 1585 profuditz
537 1533 653 1586 quorum
669 1521 806 1587 impetum
818 1524 931 1573 noster·

111 1590 252 1655 equitatus
262 1603 319 1639 nou
339 1589 412 1653 tulit,
433 1589 483 1640 sed
503 1589 626 1655 paullum
638 1589 700 1639 loeo
712 1595 804 1639 motus
817 1589 914 1639 cessits

110 1660 272 1726 equitesque
282 1658 443 1725 Pompeiani
455 1658 506 1710 hoc
517 1660 606 1710 acrius
617 1660 722 1710 instare
734 1664 802 1709 etse
812 1665 917 1708 turma-

110 1730 159 1780 tim
172 1729 312 1794 explicare
323 1731 464 1798 aciemque
480 1724 603 1780 nostrum
615 1743 632 1779 a
643 1730 731 1780 latere
746 1734 845 1795 aperto
862 1727 915 1780 cir-

111 1799 187 1850 cuire
199 1805 358 1864 coeperunt.
385 1799 466 1862 Quod
477 1799 524 1852 ubi
536 1798 640 1850 Caesar
650 1799 773 1851 animum
785 1797 916 1864 advertit,

111 1875 226 1935 quartae
237 1870 317 1933 aciei,
328 1884 410 1938 quam
421 1870 583 1920 instituerat
592 1867 809 1921 sex-cohortium
820 1883 915 1921 nume·

112 1938 358 2006 ro,signumdedii.
371 1938 916 2004 lineeunterprocucurreruntinreseis-

111 2024 164 2075 que
176 2011 262 2076 siguis
273 2014 354 2060 tanta
367 2011 434 2060 visin
447 2009 570 2075 Pompeii
583 2011 689 2078 equites
700 2010 831 2074 impetum
842 2007 916 2060 fece·

115 2083 188 2140 runt,
207 2085 239 2129 ut
250 2095 347 2130 eorum
358 2095 439 2132 nemo
451 2077 620 2130 consisteret
628 2093 777 2144 omnesque
787 2077 916 2130 conversi

115 2147 271 2198 nonisolum
281 2149 343 2199 ioco
356 2150 536 2211 excederent,
556 2147 606 2198 sed
617 2149 743 2218 protinus
755 2148 862 2198 incitati
872 2146 916 2198 fn·

114 2230 150 2282 ga
169 2223 276 2268 montes
297 2217 446 2268 altissimos
466 2222 606 2283 peterent.
642 2215 749 2277 Quibus
770 2217 916 2278 submotis,

114 2299 210 2337 omnes
221 2287 356 2353 sagittarii
368 2284 579 2354 funditoresque
592 2286 729 2347 destituti,
739 2286 867 2346 inermes,
879 2287 915 2336 si-

114 2371 149 2407 ne
159 2353 315 2424 praesidio,‘
325 2357 467 2408 interfecti
479 2361 554 2407 sunt.
589 2355 693 2408 Eodem
705 2355 808 2420 impetu
818 2351 916 2406 eohor-

113 2431 156 2476 tes
167 2425 310 2477 sinistrum
323 2441 422 2488 cornu,
443 2425 727 2493 pugnantibusetiam
737 2429 795 2473 tum
807 2439 840 2474 ac
850 2425 915 2476 resi·

113 2497 249 2548 utentibus
260 2497 289 2546 iu
299 2499 358 2548 acie
369 2495 553 2563 Pompeianis,
574 2495 772 2546 circumierunt
783 2507 886 2563 eosque
898 2509 916 2550 e

87 2581 89 2586 ’
114 2573 194 2634 tergo
207 2573 271 2617 sunt
280 2565 382 2620 adorti.

165 2634 258 2688 XCIV.
287 2635 390 2688 Eodem
412 2642 538 2704 tempore
558 2635 671 2687 tertiam
693 2634 780 2686 aciem
803 2633 915 2699 Caesar,

115 2722 185 2774 quoe
201 2707 294 2774 quieta
309 2706 403 2762 iuerat
412 2713 441 2762 et
452 2723 482 2762 se
493 2706 528 2758 od
539 2705 567 2758 id
578 2710 687 2776 tempus
703 2705 765 2761 loco
776 2709 915 2772 tenuerat,
970 2775 979 2794 s
