2168 3134
305 193 308 200 '
400 195 533 248 lslBEli
561 197 581 248 l.
843 195 893 251 2³1

82 317 144 364 nes,
165 293 290 352 eonriaio
300 300 332 350 L.
345 293 457 351 Lentuli
481 303 601 352 consulis
617 303 751 368 correpti,
771 302 895 369 exagita-

82 372 197 422 bantur.
212 371 350 422 Lentulus
360 374 526 422 sententiam
539 371 637 422 Calidii
648 373 894 438 pronuntiaturum

11 499 14 506 ,
81 458 113 492 se
125 442 240 490 omnino
252 441 370 508 negavit.
407 442 565 504 Marcellus,
577 445 741 506 perterritus
753 442 894 503 conviciis,

83 527 101 561 a
113 525 167 560 sua
179 513 318 562 sententia
330 511 463 561 discessit.
501 511 547 562 Sic
558 512 670 561 vocibus
682 511 818 572 consulis,
840 517 895 561 ter·

84 596 151 630 rore
163 585 318 646 praesentis
330 584 481 642 exercitus,
505 583 586 631 minis
598 584 747 631 amicorum
760 580 894 646 Pompeii,

85 651 213 716 plerique
231 651 379 716 compulsi,
399 652 478 701 inriti
495 657 524 702 et
535 653 624 702 coacti
639 651 774 716 Scipionis
786 657 896 701 senten·-

84 723 155 770 tiam
167 727 334 786 sequuntur:
356 721 398 771 uti
413 731 477 773 ante
488 730 590 772 certam
601 720 668 771 diem
681 717 783 772 Caesar
794 719 895 772 exerci-

86 799 147 840 tum
159 788 282 840 dlnrittnt
289 806 300 850 ,⁰
318 789 342 840 εἰ
352 806 404 841 non
414 790 524 862 saciat,
545 806 604 848 curn
615 791 742 841 advertus
753 789 895 856 rernpublt'-

86 875 147 910 earn
162 859 307 930 facturum
328 859 422 910 uideri.
459 861 609 912 intercedit
630 861 669 911 M.
690 862 840 922 Antonius,
861 860 895 920 (l.

9 993 10 996 Ἴ
87 933 208 990 Cassius,
219 930 323 979 tribimi
337 931 432 996 plebis.
465 931 596 982 Refertur
607 931 751 982 confestim
765 931 798 981 de
811 932 896 980 intcr·

9 1001 10 1006 ’
87 1001 212 1049 cessione
224 1000 412 1050 tribunorum:
434 1000 564 1051 dicuntur
575 1003 730 1053 sententiae
742 1015 852 1068 graves:
865 1005 896 1050 ut

87 1071 204 1136 quisque
215 1070 392 1120 acerbissime
403 1071 648 1139 crudelissimeque
660 1072 743 1135 dixit,
761 1073 801 1122 ita
812 1084 895 1139 quam
906 1103 910 1108 -
935 1121 937 1127 .

89 1139 209 1190 tiranime
221 1139 255 1189 ab
266 1139 383 1189 inimicis
395 1141 520 1192 Caesaris
532 1142 713 1193 collaudatur.

142 1207 187 1259 lll.
207 1208 294 1259 Misso
306 1209 340 1259 ad
353 1224 495 1275 vesperum
508 1217 622 1275 senatu,
643 1227 752 1276 omnes,
772 1213 896 1278 quisunt

88 1281 149 1330 eius
160 1278 274 1341 ordinis,
291 1293 308 1328 a
319 1279 450 1344 Pompeio
462 1288 622 1332 evocantur.
659 1281 770 1331 Laudat
781 1281 896 1344 Pompe·

88 1349 226 1415 lusatque
238 1349 416 1414 inposterum
434 1353 596 1415 coniirmat3
617 1351 760 1417 segniores
777 1352 897 1416 castigat

89 1425 175 1484 atque
191 1420 296 1469 incitat.
335 1419 417 1468 Multi
436 1421 557 1488 undique
570 1436 604 1472 ex
618 1422 758 1471 veteribus
772 1417 897 1484 Pompeii

90 1489 259 1539 exercitibus
272 1503 319 1554 spe
337 1490 522 1554 praemiorum
543 1495 626 1557 atque
638 1483 765 1540 ordinum
782 1503 896 1540 evocan-

89 1565 150 1609 tur:
172 1559 250 1608 multi
264 1573 298 1608 ex
310 1558 416 1609 duabus
431 1559 600 1624 legionibus,
622 1575 693 1627 quae
704 1564 769 1610 sunt
780 1557 897 1608 transdi-

89 1633 137 1679 tae
149 1643 165 1678 a
177 1628 310 1690 Caesare,
331 1634 522 1679 arcessuntur:
545 1631 700 1696 completur
714 1629 781 1679 urbs
798 1630 897 1679 eteius

90 1699 234 1749 comitium
247 1697 379 1760 tribunis,
400 1701 618 1760 centurionibus,
630 1699 758 1751 evocatis.
794 1699 897 1749 Omnes
962 1743 967 1751 ,

91 1769 173 1818 amici
195 1768 355 1829 consulum,
376 1771 524 1820 necessarii
548 1770 670 1837 Pompeii
687 1776 771 1837 atque
791 1783 898 1832 eorum,

92 1838 138 1904 qui
149 1843 257 1890 veteres
269 1839 427 1888 inimicitias
442 1855 503 1890 oum
516 1841 634 1891 Caesare
648 1839 794 1908 gerebant,
815 1841 844 1890 in
855 1854 898 1890 se·

91 1913 186 1958 natum
200 1913 345 1975 coguntur,
357 1922 472 1973 quorum
484 1909 597 1961 vocibus
609 1917 636 1962 et
645 1925 779 1961 concursu
792 1915 898 1961 terren·

91 1983 138 2030 tur
157 1979 332 2039 infirmiores,
355 1978 428 2029 dubii
450 1979 659 2042 crriifirmantur,
681 1981 898 2048 plerisquerrro

93 2047 180 2099 libore
201 2046 369 2100 decernendi
392 2054 514 2114 potestas
536 2053 662 2117 eripitur.
700 2051 854 2102 Pollicctur
865 2049 897 2099 L.

94 2117 155 2168 Piso
168 2133 279 2178 censor,
301 2133 361 2168 sese
373 2119 476 2169 iturum
489 2119 523 2169 ad
536 2121 696 2182 Caesarem3
718 2122 784 2170 item
802 2119 834 2169 L.
846 2118 899 2170 uo·

92 2189 164 2237 scius
175 2194 297 2253 praetor,
309 2189 355 2254 qui
366 2187 400 2239 de
411 2187 454 2238 his
466 2189 549 2240 rebus
560 2205 622 2240 eum
635 2189 764 2239 doceant:
778 2203 826 2238 sex
838 2187 897 2238 dies

92 2258 125 2308 ad
137 2271 198 2309 earn
209 2273 268 2309 rem
285 2255 484 2308 conficiendam
505 2260 587 2324 spatii
609 2251 760 2324 postulant.
797 2258 899 2307 Dicun-

92 2334 136 2378 tur
148 2329 234 2379 etium·
245 2343 260 2377 a
271 2327 413 2378 nonnullis
428 2331 593 2392 sententiae,
615 2336 646 2379 ut
658 2329 741 2396 legati
754 2327 789 2378 ad
801 2328 899 2382 Caesa-

94 2401 148 2449 iem
162 2399 317 2461 mittantur,
330 2400 376 2466 qui
386 2398 557 2448 voluntatem
570 2405 684 2450 senatus
697 2400 721 2449 ei
732 2403 898 2464 proponant.

144 2467 191 2520 lV.
211 2468 344 2518 Omnibus
366 2466 409 2519 his
430 2469 583 2532 resistitur,
606 2469 786 2536 omnibusque
808 2468 898 2520 oratio

94 2538 227 2601 consulis,
251 2537 402 2603 Scipionis,
425 2540 536 2588 Catonis
559 2540 714 2605 (inponitur.
763 2533 921 2588 Catoncm'

94 2614 199 2659 veteres
216 2609 377 2658 inimicitiae
391 2609 517 2658 Caesaris
535 2609 651 2659 incitant
668 2615 695 2659 et
711 2609 791 2659 dolor
807 2606 898 2674 repul-

93 2693 147 2728 sae.
184 2673 329 2729 Lentulus
338 2680 410 2729 aeris
423 2679 506 2729 alieni
519 2679 707 2746 magnitudine
721 2685 750 2730 ct
760 2693 809 2745 spe
821 2691 897 2729 exer·

32 2753 35 2764 '
94 2749 163 2798 uitas
174 2762 208 2798 ac
223 2747 429 2814 provinciarum
445 2755 474 2800 et
484 2749 582 2816 regum
599 2749 830 2818 adpellandorum
842 2747 898 2799 lar-
