2134 3148
187 127 267 216 42ss
318 187 321 191 ,
368 161 564 216 saturn
589 160 808 216 ossanna

177 265 364 320 multitudine
375 266 504 327 collisus,
522 265 651 318 Caesaris
662 267 828 332 paucitatem
840 265 994 315 circumire

185 341 315 391 eonatur:
335 337 443 403 equites
456 335 554 386 loliani
567 335 657 401 pauci,
677 333 853 387 multitudine
863 331 993 384 hostium

187 406 304 467 defessi,
324 407 402 472 equis
414 405 630 467 connumeratis,
650 405 796 471 paullatim
808 401 920 454 cedere:
944 401 994 452 ho·

186 477 236 526 stis
252 477 339 542 magis
360 477 502 542 magisque
523 477 636 526 instare.
671 475 715 524 lta
737 479 840 540 puncto
857 475 995 536 temporis

187 545 314 596 carnibus
324 541 488 610 legionariis
506 545 540 596 ab
553 542 674 595 hostium
686 546 811 610 equitatu
822 543 995 592 circunrren·

186 617 231 676 tis,
245 615 424 681 Caesarisque
435 614 521 679 copiis
531 615 659 666 inorbem
672 613 995 679 compulsis,.iutracan-

187 683 272 737 cellos
283 700 379 736 omnes
391 683 506 736 coniecti
518 699 641 750 pugnare
654 685 834 749 cogebantur.

238 754 312 806 xvi.
331 754 473 805 Labienus
484 754 513 804 in
524 769 610 821 equo,
633 754 723 820 capite
733 752 825 814 nudo,
845 753 952 802 versari
965 755 994 801 in

186 825 276 890 prima
286 825 359 885 acie;
387 823 470 874 sininl
481 839 546 875 suos
559 822 711 886 cohortari,
732 835 940 888 nonnumquam
953 822 993 871 le·

187 892 329 960 gionarios
349 894 475 944 Caesaris
495 895 535 944 ita
554 893 708 959 adpellare:
738 891 811 954 Quia
829 900 868 952 te,
887 893 994 957 inquit,

187 963 260 1014 eriles
271 961 334 1023 tiro,
353 971 413 1014 tem
421 964 564 1034 ferurulae
579 963 624 1014 es?
666 959 829 1029 Veiquoque
840 961 892 1012 itte
902 959 995 1014 eerbie

186 1031 357 1102 infatuavit?
393 1031 424 1083 In
433 1047 562 1101 irrogaturi
573 1029 721 1084 nselmeule
730 1033 774 1082 ios
782 1029 932 1098 perieulum
944 1031 995 1082 im·

184 1101 265 1170 pulit.
295 1100 426 1154 Misereor
436 1102 528 1154 vestri.
549 1103 620 1153 'lum
634 1103 725 1154 miles:
745 1100 878 1163 Nonrrnn,
891 1103 993 1168 inquit,

188 1171 250 1234 tiro,
261 1171 379 1236 Labiene
385 1187 396 1230 ,·
406 1171 486 1222 cedde
496 1172 600 1240 legione
612 1170 640 1224 X
651 1181 798 1225 veteranus.
814 1167 882 1221 Turn
892 1170 995 1223 Labic-

187 1258 251 1294 ana:
270 1239 333 1294 Non
343 1257 468 1310 egberto,
479 1243 579 1310 inquit,
589 1242 668 1310 signa
679 1243 891 1292 decerneremus.
916 1241 993 1290 Turn
1064 1259 1065 1266 ¹

189 1313 280 1364 miles:
300 1311 358 1362 latri
378 1327 431 1371 rue,
449 1310 570 1376 quisita,
587 1311 736 1380 intelliges:
755 1310 839 1362 sinrul
854 1310 992 1361 cassidem

189 1381 223 1432 de
236 1383 325 1450 capite
336 1382 446 1444 deiecit,
464 1388 495 1432 ut
506 1383 637 1450 cognosci
647 1382 682 1434 ab
694 1396 727 1432 eo
738 1387 843 1448 posset,
853 1382 993 1448 atquc-ita

188 1451 282 1517 pilum,
293 1453 395 1504 viribus
408 1456 575 1514 contortum,
596 1451 659 1504 dum
670 1451 865 1502 invlrabiennm
878 1452 993 1500 mittere

189 1522 408 1588 corrtendit,equi
416 1522 771 1588 graviteraoversopectcn
783 1521 889 1582 adlisit,
901 1527 929 1571 et
935 1521 993 1572 ait:

188 1589 316 1654 Labiene,
332 1591 508 1644 decantantem
517 1591 638 1654 militem,
656 1590 706 1657 qui·
714 1589 829 1657 repetit,
847 1589 915 1641 reite
926 1605 994 1642 este.

189 1660 316 1710 Omnium
331 1667 421 1710 tannen
434 1661 519 1710 asinii
535 1663 563 1711 in
581 1667 717 1714 terrorem
735 1661 869 1722 coniecti,
889 1665 918 1710 ct
932 1675 992 1710 nra-

187 1731 261 1780 xirnc
273 1732 408 1780 tironum:
421 1733 631 1796 circumspicere
643 1733 716 1782 enim
730 1732 887 1792 Caesareus,
898 1745 993 1796 neque

189 1799 305 1864 atriplius
318 1798 417 1859 faeere,
430 1801 483 1850 nisi
496 1798 615 1851 bostium
628 1801 717 1852 iacula
729 1803 823 1852 vitare.

240 1868 327 1920 XVll.
351 1868 454 1920 Caesar
468 1872 579 1920 interim
597 1871 713 1921 consilio
731 1869 849 1922 bostium
866 1871 993 1936 cognito,

187 1938 264 1988 iubet
275 1939 361 1988 aciem
374 1938 402 1986 in
412 1938 701 2006 longitudinemquam
713 1942 859 1992 niaxinram
875 1941 994 2008 porrigi,

188 2013 216 2057 ct
233 2007 349 2058 alternis
367 2011 505 2058 eornersis
521 2008 698 2073 cohortibus3
726 2017 757 2060 ut
771 2027 827 2062 uria
841 2015 905 2076 post
918 2009 993 2061 alte-

188 2093 245 2128 ram
259 2083 324 2127 ante
335 2078 413 2144 signa
424 2078 562 2140 tende-ret.
591 2081 637 2131 lta
645 2095 775 2132 coronam
788 2079 911 2131 hostiurn
922 2079 990 2131 ilex-

187 2153 232 2198 tro
244 2149 412 2214 sinistroque
428 2163 513 2199 cornu
529 2150 647 2201 mediam
664 2151 774 2213 diridit;
790 2155 818 2218 et
833 2165 914 2200 utram
928 2165 992 2215 piar-

187 2224 242 2270 bem
260 2219 294 2268 ab
306 2217 396 2268 altera
412 2219 552 2270 exclusam
569 2221 707 2286 equitibus
724 2219 893 2270 intrinsecus
908 2219 996 2270 auur„

187 2294 232 2337 tus
246 2304 306 2338 curn
317 2288 452 2352 peditatu,
463 2289 529 2340 telis
540 2291 673 2352 coniectis
682 2293 710 2340 in
721 2289 815 2356 lugam
826 2290 924 2349 vertit3
939 2306 989 2342 ne·

186 2373 238 2422 que
250 2357 359 2424 longius
372 2372 548 2424 progressae,
571 2363 677 2412 teritus
687 2360 810 2421 insidias,
831 2375 861 2410 se
872 2359 907 2408 ad
918 2374 986 2410 suos
1052 2401 1061 2410 .

185 2429 292 2492 recipit.
326 2426 402 2477 'ldenr
414 2427 503 2478 altera
518 2444 582 2495 pars
594 2433 717 2498 equiturn
729 2430 907 2496 peditumque
919 2430 988 2481 Cac-

184 2497 254 2545 saris
266 2495 339 2546 facit.
377 2497 428 2547 llis
443 2497 525 2550 rebus
541 2502 629 2566 gestis
646 2515 678 2552 ae
692 2499 789 2567 procul
806 2497 932 2550 hostibus
943 2513 987 2550 re·
1058 2502 1065 2518 '¹

184 2564 270 2628 pulsis
282 2565 550 2634 convulneratisque,
562 2568 597 2620 ad
607 2585 657 2620 sua
670 2570 811 2637 praesidia
821 2585 893 2634 sese,
913 2571 988 2624 sicui
1034 2581 1039 2590 '

184 2639 244 2682 erat
257 2634 424 2694 instructus,
446 2639 569 2701 recipere
582 2642 681 2704 coepit.

235 2700 335 2754 xvltt.
364 2703 479 2756 iuterim
500 2705 541 2756 Μ.
563 2706 692 2762 Petreius
714 2716 742 2763 et
762 2711 811 2762 Cn.
832 2710 898 2764 Piso
921 2726 986 2763 eum
