2150 3124
278 189 281 194 ·
379 175 528 230 LIBER
562 181 616 234 lv.
651 193 653 198 ⁴
864 181 899 233 ib

97 281 213 343 uostris,
234 281 431 333 consuetudine
442 297 492 334 sua
502 282 537 333 ad
546 283 631 349 pedes
643 283 827 347 desiluerunt,
838 287 900 337 sub·

94 351 228 418 tussimque
245 353 322 417 cquis
333 350 572 419 compluribusque
583 355 686 404 nostris
697 355 809 405 deiectis
818 391 826 416 ,
836 355 899 406 reli-

95 435 164 488 quos
181 423 209 470 in
221 419 315 487 fugam
329 423 508 472 coniecerunt
519 429 601 490 atque
613 425 652 473 ita
662 425 827 488 perterritos
838 439 898 491 ege·

93 496 174 552 runt,
193 489 288 540 ut'nen
299 491 375 556 prius
384 491 451 557 suga
461 492 640 554 desisterent,
657 507 738 560 quam
748 494 777 542 in
788 507 900 559 conspe·

93 565 168 610 ctum
178 559 295 626 agminis
305 561 393 610 nostri
404 563 551 612 venissent.
572 561 610 612 ln
621 577 653 612 eo
664 561 769 627 proelio
781 577 815 613 cx
826 565 900 631 eqni·

93 630 167 680 tibus
177 629 280 678 nostris
289 629 491 682 interficiuntur
502 635 622 697 quatuor
633 637 661 682 et
671 633 860 699 septuaginta,
871 635 900 684 in

93 697 135 750 his
146 699 188 748 vir
198 698 378 762 fortissimus,
395 699 457 750 Piso
465 737 473 764 ,
489 701 657 768 Aquitanos,
676 701 844 767 amplissime
854 717 900 769 ge-

92 783 159 819 nere
179 773 275 831 natus,
294 770 373 820 cuius
390 785 457 820 arus
476 771 504 820 in
519 771 629 821 civitate
644 783 694 820 sna
705 785 820 838 regnum
832 772 900 822 obti-

92 843 208 901 nuerat,
222 837 335 890 *amicus
356 841 390 890 ab
409 845 509 890 senatu
529 845 625 890 nostre
645 840 809 906 adpellatus.
845 841 900 893 llic

92 923 178 976 quum
198 906 279 958 fratri
298 909 449 960 intercluso
470 911 503 960 ab
519 907 645 961 hostibus
661 910 793 961 auxilium
805 908 899 972 ferret,

92 978 172 1028 illum
191 992 229 1028 cx
241 977 363 1044 periculo
379 979 493 1045 eripuit:
512 980 570 1044 ipse
585 995 655 1047 equo
670 981 814 1032 vulnerato
826 979 900 1032 deis-

92 1054 168 1110 ctns,
193 1048 282 1114 quoad
299 1049 404 1115 potuit,
429 1048 578 1101 fortissime
594 1052 707 1100 restitit.
743 1051 834 1112 Quum
850 1051 900 1101 cir·

92 1122 270 1180 cumventns,
292 1117 388 1168 multis
407 1118 569 1169 vulneribus
590 1121 721 1187 acceptis,
747 1121 899 1182 cecidisset,

92 1193 177 1254 atque
193 1187 220 1237 id
237 1186 338 1250 frater,
359 1189 405 1254 qui
421 1188 475 1238 iam
491 1188 598 1254 proelio
609 1196 780 1252 excesserat,
802 1189 899 1256 procul

90 1259 216 1308 animum
233 1255 411 1320 advertisset,
431 1258 547 1310 incitato
562 1269 633 1328 equo
644 1274 674 1311 se
684 1258 811 1310 hostibus
822 1259 899 1310 obtu-

91 1325 127 1377 lit
137 1331 220 1394 utque
230 1325 395 1378 interfectus
406 1332 455 1378 est.

95 1417 98 1428 ·
145 1396 220 1447 Xlll.
256 1397 318 1446 Hoc
333 1395 406 1447 facto
421 1397 541 1462 proelio,
561 1397 663 1449 Caesar
680 1411 767 1466 neque
782 1398 836 1446 iam
847 1395 900 1447 sibi

92 1465 203 1534 legatos
214 1466 377 1528 audiendos,
388 1481 478 1534 neque
489 1467 662 1518 conditiones
673 1465 846 1532 accipiendas
857 1480 900 1516 ar-

90 1535 250 1587 bitrabatur
260 1536 294 1586 ab
306 1535 359 1598 his,
384 1539 430 1604 qui
440 1551 489 1602 per
499 1536 594 1587 dolum
606 1542 688 1602 atquc
697 1535 826 1598 insidias,
854 1551 900 1602 pe·

91 1607 146 1656 tita
162 1620 241 1671 pace,
256 1606 331 1656 ultro
341 1606 445 1657 bellum
456 1606 628 1657 intulissent:
650 1612 811 1670 exspectare
822 1620 899 1668 vero,

92 1675 158 1725 dum
177 1673 296 1726 bostium
314 1677 409 1742 copiae
426 1680 595 1742 augerentur
606 1675 900 1742 equitatusquercver·

90 1750 215 1806 teretur,
231 1746 521 1796 summaedemeotiae
532 1761 592 1797 esse
603 1745 744 1796 iudicabat
756 1749 796 1807 ct,
807 1745 900 1812 cogni-

90 1819 122 1864 ta
133 1813 277 1865 Gallorum
294 1816 468 1876 infirmitate,
488 1821 619 1880 quantum
634 1815 688 1866 iam
705 1815 776 1881 apud
793 1829 840 1865 eos
852 1813 899 1864 hu-

91 1889 151 1934 stes
161 1897 217 1934 uno
228 1883 333 1949 proelio
344 1885 517 1934 auctoritatis
528 1890 621 1935 essent
632 1887 784 1946 consecuti,
799 1887 900 1936 scotie·

91 1953 154 2004 batt
175 1951 273 2020 quibus
289 1953 324 2004 ad
335 1953 451 2003 consilia
461 1955 594 2019 capienda
604 1953 672 2004 nihil
684 1957 765 2021 spatii
777 1954 898 2005 dandum

92 2023 278 2074 existimabat.
315 2023 367 2073 llis
388 2022 545 2074 constitutis
564 2025 647 2076 rebus
667 2030 696 2076 et
710 2025 899 2080 consiliosum

90 2091 194 2160 legatis
205 2097 234 2142 et
244 2097 393 2159 quaestore
403 2093 619 2158 communicato,
630 2109 665 2146 rie
676 2109 757 2163 quem
769 2094 839 2145 diem
851 2109 899 2158 pu·

90 2177 165 2230 gnae
190 2165 441 2228 praetermitteret,
471 2165 704 2229 opportunissima
723 2177 768 2214 res
789 2161 899 2223 accidit,

89 2231 167 2301 quod
186 2233 336 2298 prostridie
352 2235 410 2283 eins
427 2233 482 2282 diei
498 2248 577 2284 manc
594 2234 690 2284 eadem
705 2237 734 2283 et
745 2231 899 2297 pertidiaet

88 2301 269 2353 simulatione
285 2302 483 2364 usissermani,
498 2302 671 2368 frequentes,
688 2301 814 2351 omnibus
826 2301 898 2366 prin-

89 2373 201 2438 cipibus
210 2373 415 2440 maioribusque
426 2378 493 2421 natu
504 2370 642 2434 adhibitis,
649 2371 683 2422 ad
694 2385 756 2421 eum
767 2371 793 2419 in
806 2374 898 2419 castra

87 2447 243 2505 venerunt3
264 2440 360 2503 simul,
370 2447 403 2492 ut
413 2441 570 2503 dicebatur,
591 2442 633 2491 sui
645 2440 780 2507 purgandi
793 2450 899 2499 caussa,

87 2511 166 2580 quod
187 2516 300 2574 contra,
320 2517 402 2579 atque
424 2514 495 2563 esset
515 2510 619 2562 dictum
640 2515 669 2561 et
688 2510 739 2576 ipsi
759 2509 900 2576 petissent,

86 2579 230 2650 proelium
238 2581 337 2646 pridie
348 2581 562 2643 commisissent,
581 2577 665 2630 simul
674 2584 718 2642 ut,
729 2580 751 2630 si
764 2578 828 2647 quid
839 2591 900 2644 pos-

86 2654 167 2712 sent,
189 2650 223 2701 de
242 2649 361 2701 induciis
384 2649 505 2700 fallendo
525 2651 714 2716 impetrarent.
752 2650 826 2710 Quos
847 2648 897 2697 sibi

86 2721 196 2772 Caesar
219 2719 327 2770 oblatus
351 2721 474 2788 gavisus,
497 2717 563 2770 illes
588 2719 897 2782 retineri·iussit;·ipse
