2168 3134
304 237 308 244 ·
357 221 507 276 LIBER
542 223 627 278 vlit.
843 219 897 277 2⁰³

81 324 217 380 exercito
228 324 373 380 decertare
385 332 566 396 cogerentur=
577 329 600 378 si
611 328 731 379 maiores
742 325 836 395 copias
847 325 895 377 ad·

87 396 216 458 duceret,
237 397 266 446 in
282 411 316 448 eo
333 397 395 448 ioco
411 412 584 464 permanere,
605 412 687 466 quem
710 396 895 463 delegissent3

87 465 272 535 pabulatione
282 472 388 529 autem,
405 481 475 534 quae
486 473 603 535 propter
613 469 679 518 anni
690 471 798 531 ternpus
810 480 896 532 quum

88 537 193 602 exigua
202 540 260 586 tum
272 534 387 588 disiecta
398 541 485 599 esset,
507 542 535 588 et
551 537 770 588 frumentatione
786 539 815 586 et
829 534 895 586 reli·

88 620 145 674 qua
158 610 358 658 commeatu-ex
369 606 476 656 insidiis
491 605 638 673 prohibere
649 606 799 656 Romanos.
811 613 814 637 ³

129 673 208 726 vlit.
219 675 298 737 Quae
309 676 413 727 Caesar
424 675 661 727 consentientibus
671 673 797 740 pluribus
809 689 895 742 quum

89 744 275 812 cognovisset,
296 750 380 813 atque
392 760 434 808 ea,
443 761 514 814 quae
526 750 755 812 proponerentur,
776 743 896 795 consilia

89 813 176 882 piene
187 814 351 879 prudentiae
362 815 500 882 longeque
511 829 528 866 a
538 815 696 867 temeritate
711 813 896 867 barbarorum

89 888 201 935 remota
212 897 272 935 esse
284 883 432 936 iudicaret:
451 885 578 936 omnibus
590 884 673 935 rebus
688 883 896 935 inserviendum
917 932 920 939 ,

88 953 200 1012 statuit,
216 967 269 1021 quo
281 953 398 1006 celerius
410 951 507 1017 hostis,
523 959 664 1006 contemta
675 969 788 1005 suorum
803 955 896 1020 pauci·

90 1027 166 1084 tate,
181 1023 306 1088 prodiret
315 1023 346 1074 in
357 1026 458 1074 aciem:
477 1024 627 1091 singularis
643 1025 717 1076 enim
729 1024 841 1075 virtutis
852 1038 897 1075 re·-

89 1093 223 1144 terrimas
233 1092 357 1161 legiones
367 1092 430 1157 Vll,
445 1094 510 1147 vm
527 1093 752 1158 ethhabebat3
771 1097 897 1146 summae

90 1163 153 1228 spei
164 1160 504 1232 deiectaequeiurentatis
512 1162 695 1226 undecimam,
707 1179 786 1231 quae,
799 1170 897 1215 octavo

90 1232 148 1282 iam
164 1233 300 1298 stipendio
321 1232 430 1298 functa,
451 1239 545 1286 tamen
561 1233 898 1300 collationereiiquarum

90 1299 214 1352 auridum
230 1303 356 1354 eamdem
372 1305 519 1355 vetustatis
535 1318 568 1355 ac
581 1305 694 1355 virtutis
710 1307 823 1370 ceperat
838 1304 898 1369 opi·

91 1371 213 1423 nionem.
239 1373 337 1441 ltaque
348 1373 464 1424 consilio
475 1373 620 1436 advocato,
631 1374 713 1425 rebus
724 1374 767 1435 iis,
779 1387 851 1441 quae
862 1370 900 1422 ad

91 1455 124 1492 se
136 1445 232 1492 essent
241 1440 366 1505 delatae,
382 1443 510 1494 omnibus
523 1444 672 1510 expositis,
688 1443 795 1492 animos
806 1440 900 1492 multi·

91 1509 199 1564 tudinis
220 1511 375 1564 confirmat.
413 1511 443 1564 Si
459 1511 533 1564 forte
547 1510 644 1564 hostes
659 1513 745 1562 trium
757 1510 899 1578 legionum

92 1593 209 1631 numero
221 1587 315 1647 posset
327 1582 429 1633 eiicere
442 1581 476 1632 ad
489 1578 683 1644 dimicandum,
695 1581 813 1649 agminis
825 1580 899 1631 ordi·

92 1663 158 1700 nem
168 1651 209 1700 ita
218 1653 370 1713 constituit,
386 1657 418 1702 ut
428 1651 504 1720 legio
514 1651 578 1714 vll,
589 1651 664 1714 vin,
680 1652 718 1703 {X
729 1656 793 1702 unte
805 1651 900 1701 omnia

92 1719 170 1770 irent
186 1720 398 1786 impedimenta,
418 1720 518 1773 deinde
541 1723 665 1772 amnium
686 1721 899 1788 impedimento·

91 1801 154 1840 raro
167 1803 267 1856 agmen
280 1791 366 1858 (quod
377 1796 472 1843 tamen
486 1797 548 1842 erat
563 1791 716 1854 mediocre,
732 1798 764 1841 ut
775 1793 803 1842 in
817 1805 900 1857 expe.

92 1857 246 1910 ditionibus
258 1875 320 1912 esse
332 1862 485 1924 consuevit)
498 1866 611 1929 cogeret
621 1861 776 1925 undecima,
793 1877 828 1912 ne
840 1875 899 1918 ma,

91 1927 161 1980 ioris
177 1929 363 1982 multitudinis
378 1932 483 1997 species
499 1932 626 1984 accidere
644 1931 772 1983 hostibus
793 1936 898 2000 posset,

93 2011 176 2066 quam
191 2000 243 2065 ipsi
259 2000 493 2066 depoposcissent.
530 2003 591 2053 Hac
606 2003 716 2053 ratione
731 2017 821 2069 paene
833 2017 899 2069 qua·

93 2067 176 2119 drato
188 2071 298 2138 agmine
310 2071 460 2135 instructo,
477 2073 507 2122 in
520 2078 695 2138 conspectum
707 2071 840 2135 hostium,¹
855 2085 898 2125 ce*

91 2135 180 2188 leriae
192 2139 324 2205 opinione
337 2154 442 2202 eorum,
455 2144 609 2193 exercitum
621 2141 742 2192 adducit.

95 2219 99 2245 ²
145 2207 193 2259 IX.
212 2208 303 2269 Quum
318 2215 432 2277 repente
448 2212 600 2262 instructas
615 2210 692 2261 reiut
706 2211 735 2260 in
747 2211 807 2262 acie
820 2214 898 2260 certo

90 2277 182 2344 gradu
203 2277 331 2346 legiones
353 2277 485 2331 accedere
507 2279 581 2331 Galli
603 2278 749 2341 riderent,
780 2293 900 2347 quorum

90 2353 175 2398 erant
190 2347 224 2398 ad
241 2349 388 2400 Caesarem
410 2349 492 2416 piena
512 2348 630 2399 fiduciae
647 2349 765 2400 consilia
780 2348 898 2416 perlata,

89 2417 149 2468 sire
161 2419 321 2469 certaminis
333 2418 467 2486 periculo,
478 2419 537 2469 sive
548 2418 640 2469 subito
652 2417 779 2481 adventu,
791 2432 841 2469 seu
854 2432 899 2470 ex·

90 2488 263 2551 spectatione
278 2490 368 2539 nostri
385 2488 503 2550 consilii,
525 2490 617 2553 copias
634 2489 777 2538 instruunt
791 2498 898 2555 proca·

89 2557 167 2620 stris,
185 2557 310 2609 nociaco
326 2559 470 2624 superiore
480 2558 626 2609 decedunt.
665 2557 776 2622 Caesar,
791 2559 843 2610 etsi
859 2558 898 2609 di-

90 2625 194 2678 micare
206 2633 359 2694 optaverat,
369 2632 474 2690 tamen,
488 2627 642 2679 admiratus
651 2632 760 2680 tantam
773 2627 896 2680 multitu·

90 2693 184 2748 dinem
197 2695 332 2760 hostium,
353 2697 426 2750 valle
438 2697 609 2761 intermissa,
630 2699 719 2768 niagis
731 2701 760 2750 in
772 2697 894 2751 altitudi-

63 2771 73 2786 '
90 2777 154 2820 cent
165 2765 307 2834 depressa,
323 2781 406 2836 quam
416 2767 474 2821 late
490 2772 615 2838 patente,
630 2773 724 2822 castra
735 2771 833 2823 eastris
846 2767 893 2822 ho·
