2124 3154
196 183 250 238 500
449 183 522 238 *DE
554 173 717 238 n‘ubuo
774 211 777 216 ·

195 281 417 359 nequerebicuio
424 287 583 342 salutisuae
594 288 760 356 praesidium
772 301 871 355 parare
881 286 1002 356 poterat

197 360 303 414 caedes
314 377 332 412 a
347 361 450 413 nostris
466 359 588 426 undique
603 359 866 422 administrabatur,
886 358 1003 409 exclusa

196 431 362 495 munitione,
383 429 548 496 amissisque
569 429 690 480 auxiliis.
725 428 768 480 Ad
783 427 938 479 convallem
953 443 1002 480 eu-

196 507 255 552 tem
266 506 349 568 atque
361 514 474 552 exesum
485 497 623 563 locum,ut
632 501 661 549 in
669 499 840 564 speluncam,
850 497 1003 563 Pompeius

196 586 227 622 se
239 571 379 622 occultare
391 567 497 636 coepit,
518 574 550 619 ut
561 583 578 620 a
589 571 691 620 nostris
703 583 757 620 non
769 566 851 619 facile
862 567 1003 621 invenire·

196 646 260 701 tur,
279 641 334 691 nisi
354 639 526 707 captivorum
546 638 656 689 indicio.
702 639 746 690 lta
766 638 806 688 ibi
826 639 1004 690 interficitur.

197 710 289 772 Quum
301 710 402 777 Cacsar
413 708 537 760 Gadibus
559 707 672 772 fuisset,
694 707 834 777 Hispalim
854 707 947 774 pridie
961 709 1002 760 ld.

197 779 307 846 Apriles
326 783 409 846 caput
429 779 554 832 adlatum
570 783 599 833 et
615 776 718 847 populo
733 778 828 831 datum
845 777 929 830 estin
941 794 1004 830 con-

197 855 333 900 sectum.

212 866 230 917 P
249 913 309 970 XL.
329 916 481 971 interfecto
492 918 541 970 Cn.
552 917 684 985 Pompeio
695 916 881 980 adolescente,
892 915 1002 968 Didius.

198 1003 279 1056 quem
291 1003 375 1054 supra
395 988 658 1052 demonstravimus,
678 986 728 1037 illa
743 987 870 1038 adfectus
884 985 1005 1049 laetitia,

198 1057 324 1126 proximo
335 1073 365 1109 se
380 1059 486 1124 recepit
505 1057 623 1109 castello
644 1056 844 1125 nonnullasque
865 1071 953 1108 naves
969 1058 1006 1109 ad
1048 1075 1049 1080 ¹

198 1128 379 1179 reficiendum
390 1126 529 1179 subduxit.
550 1126 687 1189 Lusitani,
699 1127 747 1193 qui
757 1142 793 1178 ex
803 1141 898 1194 pugna
908 1141 1005 1193 super·

199 1197 321 1260 fuerunt,
340 1198 376 1250 ad
396 1198 506 1265 signum
518 1211 549 1247 sc
565 1201 730 1264 receperunt
750 1201 788 1259 et,
808 1199 880 1248 bene
901 1211 1006 1264 magna
1039 1209 1045 1226 ·

199 1284 283 1320 manu
295 1273 465 1334 comparata,
476 1265 511 1316 ad
522 1264 636 1320 Didium
648 1282 679 1318 se
690 1272 843 1332 reportant.
863 1265 939 1317 Huic
951 1269 1005 1318 etsi

199 1354 256 1390 non
267 1339 365 1389 aberat
376 1337 523 1404 diligentia
533 1336 568 1387 ad
581 1352 665 1388 nares
677 1337 809 1400 tuendas,
831 1342 927 1388 tamen
938 1352 1006 1388 non·

199 1422 349 1476 numquam
366 1421 401 1459 ex
415 1405 530 1458 castello
549 1411 664 1474 propter
676 1421 773 1458 eorum
784 1407 895 1458 crebras
907 1422 1006 1459 excur-

198 1482 292 1530 siones
304 1477 482 1530 eliciebatur:
502 1481 531 1528 et
549 1478 590 1528 sic
611 1490 699 1544 prope
717 1477 886 1545 quotidianis
901 1479 1006 1545 pugnis
1048 1479 1049 1549 l

198 1549 434 1614 insidiasponunt
443 1551 473 1598 et
482 1547 623 1613 tripartito
635 1547 716 1616 signa
727 1546 903 1599 distribuunt
916 1549 1007 1599 Erant

195 1620 302 1686 parati,
322 1618 371 1685 qui
381 1631 464 1667 naves
475 1617 665 1679 incenderent,
676 1617 859 1684 incensisque,
879 1617 929 1683 qui
940 1618 1006 1668 sub·
1047 1673 1048 1680 χ

198 1689 300 1740 sidium
311 1687 490 1752 repellerent.
527 1687 550 1738 li
561 1687 600 1738 sic
610 1687 738 1752 dispositi
751 1692 839 1750 erant,
854 1690 886 1736 ut
895 1701 914 1737 a
925 1687 1008 1738 nullo
1047 1689 1048 1697 ’

198 1757 344 1823 conspecti
364 1757 487 1808 omnium
508 1756 544 1808 ad
564 1771 685 1825 pugnam
706 1757 917 1808 contenderent.
964 1758 1010 1810 lta

199 1840 284 1895 quum
295 1839 330 1877 ex
340 1825 454 1877 castallo
465 1824 566 1892 Didius
577 1826 613 1879 ad
628 1827 838 1894 propellendum
854 1829 1010 1894 processis-

198 1900 244 1947 set
254 1910 316 1946 cum
327 1896 423 1961 copiis,
434 1895 544 1962 siguum
556 1911 572 1946 a
582 1896 724 1948 Lusitanis
734 1897 851 1960 tollitur,
866 1911 954 1948 naves
964 1898 1009 1948 in·

199 1964 365 2028 tenduntur,
375 1963 520 2032 simulque,
540 1968 629 2033 quiex
638 1966 754 2020 castello
765 1966 800 2017 ad
811 1981 932 2034 pugnam
944 1983 1010 2035 pro·

145 2045 152 2059 ⁸
197 2039 353 2098 cesserant,
375 2035 473 2087 eodem
485 2035 565 2103 signo
577 2034 716 2106 fugientes
727 2038 851 2088 latrones
862 2036 929 2087 dum
947 2054 1009 2106 pcr-

197 2111 361 2175 sequuntur‚
373 2121 390 2156 a
400 2111 483 2172 tergo
500 2106 618 2158 insidiae
633 2107 753 2158 clamore
764 2106 874 2160 sublato
885 2105 1010 2158 circum-

197 2179 322 2228 veniunt.
357 2175 458 2227 Didius
473 2190 647 2243 magnacum
663 2177 768 2228 virtute
779 2192 841 2228 cum
853 2177 1012 2244 compluri·

195 2247 249 2298 bus
258 2247 439 2299 interficitur:
459 2247 583 2298 nonnulli
595 2262 628 2298 ea
638 2261 730 2314 pugna
741 2245 867 2314 scaphas,
883 2263 958 2315 quae
971 2248 1011 2302 ad

197 2317 264 2368 litus
283 2315 404 2378 fuerant,
426 2322 572 2383 occupant:
590 2317 657 2370 itcm
678 2316 833 2385 complures
853 2316 950 2368 nando
971 2319 1010 2370 ad
1045 2327 1046 2395 l

197 2401 293 2450 nares,
314 2401 385 2455 quae
400 2386 429 2436 in
444 2386 504 2437 salo
527 2386 648 2450 fuerunt,
669 2402 700 2439 se
722 2387 870 2454 recipiunt:
889 2391 1010 2440 ancoris

197 2456 326 2518 sublatis,
335 2457 449 2523 pelagus
460 2459 545 2507 remis
559 2462 656 2526 petere
671 2463 829 2525 coeperunt.
865 2458 1013 2521 Quaeres

198 2538 295 2575 eorum
306 2525 380 2577 vitae
391 2525 514 2575 subsidio
525 2524 588 2577 tuit.
624 2527 758 2581 Lusitani
773 2526 879 2595 praeda
894 2530 1012 2594 potiun-

197 2599 252 2641 tur.
289 2594 391 2643 Caesar
402 2593 526 2644 Gadibus
538 2610 633 2646 rursus
644 2595 679 2646 ad
690 2597 827 2663 Hispalim
839 2599 974 2649 recurrit.

251 2659 322 2710 XLl.
340 2661 442 2711 Fabius
454 2661 602 2726 Maximus,
613 2681 695 2732 quern
707 2669 765 2733 ipse
777 2666 811 2716 ad
823 2666 959 2718 Mundam
973 2667 1014 2720 ud

197 2728 365 2787 praesidium
385 2732 600 2796 oppugnandum
621 2735 773 2802 reliquerat
788 2737 922 2805 operibus
935 2736 1013 2788 adsi-
