2152 3144
174 145 228 207 ³³4
390 148 446 203 DE
463 147 606 202 BELLO
628 149 761 208 uivus

173 259 219 310 tot
235 252 417 306 matellornm
435 268 562 317 suniero,
582 259 717 322 tantoque
737 255 830 322 spatio
846 257 980 308 citantis
1070 239 1071 310 J

171 325 375 378 munitionibus
391 330 421 378 et
434 329 497 376 toto
508 324 662 382 obsidionis
678 339 793 392 genere,
813 331 871 376 tum
893 325 979 376 etiam
1070 347 1071 350 ¹

172 394 288 461 reliquis
304 394 396 447 rebus.
430 393 511 456 Nam,
532 396 698 462 quicumque
719 393 838 446 alterum
851 393 980 448 obsidere

174 467 270 522 conati
279 469 359 528 sunt,
379 463 523 533 perculsos
534 469 618 533 atque
633 462 760 514 infirmos
772 463 866 516 hostes
877 463 980 526 adorti,

173 540 229 592 aut,
239 530 348 602 proelio
359 539 520 602 superatos,
541 540 590 586 aut
600 533 696 600 aliqua
707 531 862 586 offensione
874 549 982 600 pernio-

173 609 220 658 tos
231 605 442 667 continuerunt,
463 619 547 673 quum
567 604 622 670 ipsi
642 619 758 655 numero
769 605 889 656 militum
905 604 981 671 equi·

173 680 290 742 tumque
310 679 497 742 praestarent:
515 688 612 726 caussa
632 678 726 728 nutem
742 673 895 727 obsidionis
911 671 983 725 hacc

173 743 235 800 fere
246 759 308 796 esse
319 745 479 807 consuevit,
501 749 534 794 ut
546 742 687 795 frumento
704 741 800 796 hostes
817 742 981 811 prohibean-

173 819 231 868 tur.
253 816 398 868 utcontra
409 813 536 881 integras
547 819 630 880 atque
640 812 796 864 incolumes
808 815 901 880 copias
913 813 984 863 Cae·

174 899 222 940 sar
236 882 373 935 inferiore
388 878 508 934 militum
519 893 636 934 numero
650 883 824 946 continebat3
844 897 928 950 quum
939 880 982 935 illi

175 954 300 1006 omnium
321 968 415 1004 rorum
440 954 521 1019 copia
541 951 734 1004 abundarent:
762 953 886 1020 quotidie
906 952 981 1004 enim

174 1017 294 1089 ma'guus
305 1021 428 1089 undique
441 1024 553 1082 navium
564 1037 695 1072 uumerus
706 1023 898 1085 conveniebat,
909 1035 982 1088 quac

175 1096 360 1146 commeatum
374 1097 586 1158 supportarent3
604 1106 694 1159 neque
710 1092 784 1144 ullus
799 1091 869 1144 ilare
882 1098 981 1148 ventus

174 1165 304 1228 poterat,
325 1161 393 1229 quin
403 1161 497 1228 aliqua
509 1175 544 1212 ex
555 1166 637 1229 parte
646 1162 796 1213 secundum
811 1172 922 1214 cursum
933 1158 981 1211 ha-

174 1229 286 1288 herent.
321 1232 384 1300 lpse
394 1235 498 1294 autem,
517 1231 668 1284 consumtis
679 1232 806 1284 omnibus
817 1231 903 1300 longe
913 1231 982 1282 late·

175 1316 231 1370 que
241 1300 399 1364 frumentis,
419 1301 534 1352 summis
545 1306 607 1355 erat
617 1301 645 1351 in
656 1302 808 1368 angustius
825 1303 877 1354 sed
888 1306 981 1352 tamea

102 1394 107 1408 ν
175 1368 248 1426 haec,
255 1371 391 1440 singulari
407 1371 544 1439 patientia
555 1370 660 1423 milites
672 1369 809 1425 ferebant.
844 1370 981 1424 Recorda-

173 1439 279 1496 bantur
294 1444 382 1505 euim,
405 1441 503 1493 cadem
517 1456 549 1492 se
562 1441 707 1507 superiore
717 1457 792 1494 anno
803 1442 832 1492 in
843 1440 982 1508 Hispania

173 1525 332 1632 perpessos,
347 1512 443 1565 labore
455 1517 481 1564 et
494 1511 631 1578 patientia
641 1512 791 1566 maximum
801 1511 906 1564 bellum
918 1525 981 1564 eon-

188 1583 287 1634 ecisse:
298 1583 493 1644 meminerant,
504 1580 539 1632 ad
549 1579 670 1631 Alesiam
679 1593 807 1648 magnam
818 1596 848 1633 se
857 1581 980 1648 inopiam

173 1663 332 1720 perpessos,
343 1651 432 1702 multo
442 1649 526 1702 etiam
538 1650 671 1701 maiorem
683 1649 719 1701 ad
730 1651 885 1713 Araricum,
894 1649 981 1702 maxi-

67 1758 71 1766 .
174 1734 325 1776 auarumse
341 1720 466 1788 gentium
483 1721 605 1773 victores
626 1718 793 1773 discessisse.
829 1719 899 1781 Non,
923 1718 980 1772 illis

174 1786 311 1840 hordeum
322 1803 406 1856 quum
423 1787 553 1850 daretur,
576 1802 632 1838 uon
648 1788 787 1854 legumina
802 1790 980 1840 recusabant:

173 1863 260 1924 pecus
274 1872 350 1920 vero,
371 1857 449 1910 cuius
464 1858 504 1908 rei
519 1871 627 1908 summa
647 1863 709 1908 erut
729 1871 765 1910 ex
783 1857 870 1925 Epiro
891 1858 995 1924 copia„

173 1940 276 1994 magno
288 1928 317 1977 in
328 1924 435 1980 honore
447 1924 596 1978 habebant.

228 1994 350 2051 XLVlll.
369 1996 421 2048 Est
431 1997 513 2048 ctiam
525 2009 612 2063 genus
623 1993 725 2051 radicis
736 1996 878 2049 inventum
890 1995 924 2048 ab
936 1996 979 2060 iis,

70 2091 77 2110 ·
173 2068 220 2135 qui
233 2065 346 2118 fuerant
357 2082 418 2118 curn
425 2065 548 2130 Valerio,
559 2064 893 2134 quodadpellaturcbara,
904 2067 978 2135 quod

172 2135 327 2194 admixtum
344 2137 416 2194 lacte
431 2136 550 2192 multum
561 2135 682 2202 inopiam
700 2135 819 2190 levabat
853 2137 884 2193 ld
896 2137 980 2192 adsi·

173 2207 361 2269 militudinem
376 2207 455 2274 panis
471 2206 634 2260 officiebant.
670 2207 738 2259 Eius
750 2212 812 2260 erat
822 2222 977 2276 magnaco.

173 2278 228 2345 pia.
256 2278 297 2330 Ex
308 2275 361 2330 boc
371 2275 486 2334 effectos
497 2291 593 2344 panes,
604 2291 688 2345 quum
700 2277 729 2328 in
744 2276 889 2346 colloquiis
900 2279 979 2330 Pom·

192 2348 267 2400 ciani
277 2347 379 2400 sunem
390 2347 492 2398 nostris
503 2346 686 2411 obiectarcnt,
702 2346 785 2416 vulgo
796 2349 825 2402 in
837 2363 886 2402 eos
896 2349 977 2406 iacie-

230 2423 293 2478 t,ut
304 2433 381 2486 spem
393 2432 488 2475 eorum
500 2417 667 2471 minuerent.

234 2486 334 2540 XLlX.
363 2488 476 2556 lamque
496 2485 639 2540 frumenta
658 2492 846 2544 maturescere
866 2486 977 2554 iucipie-

171 2551 241 2608 bant
250 2560 334 2623 atque
345 2558 405 2624 ipsa
419 2571 482 2624 spes
493 2557 615 2624 inopiam
627 2557 811 2622 sustentabat,
819 2557 895 2625 quod
906 2557 977 2610 celc-

171 2627 241 2678 ritcr
261 2641 292 2677 se
309 2623 454 2680 habituros
471 2628 579 2693 copiam
596 2625 788 2684 confidebantr
807 2628 976 2696 crebraeque

171 2707 253 2746 voces
266 2693 385 2750 militum
402 2695 552 2766 invigiliis
566 2695 767 2767 colloquiisque
780 2696 976 2764 audiebantur,
