2150 3124
409 161 560 224 LIBER
588 160 612 218 i.
873 163 913 220 ¹l?

104 266 158 319 atri
173 265 257 332 potiti
268 257 344 318 ¹sunt.
380 266 423 318 lbi
434 267 607 334 Orgetorigis
619 259 699 329 iiiios
713 270 796 336 atquo
809 283 881 320 unus
896 283 913 322 e

2 330 24 396 ζ’
103 335 171 388 filiis
186 340 282 400 captus
298 342 349 389 cst.
384 337 426 386 Ex
441 351 474 388 co
489 336 595 402 proelio
611 337 721 389 circiter
730 337 812 397 ‚milia
825 337 913 390 honri·

2 437 3 440 =
103 421 172 458 uum
189 405 291 456 CXXX
303 405 514 478 coposuerunt,
546 412 711 476 eaquetota
731 410 912 460 noeteconti·

103 480 206 526 uenter
219 475 326 525 ierunt:
360 475 464 544 nullam
480 481 589 542 partem
608 479 698 527 noctis
711 476 812 528 itinere
826 477 911 528 inter·

103 545 203 606 misso,
225 545 253 594 in
276 545 344 596 fines
358 545 514 612 Lingonum
526 545 580 596 uie
601 550 701 612 quarto
719 552 913 612 pervenerunt,

2 607 3 667 J
104 628 190 682 quum
202 619 231 664 et
246 613 361 680 propter
372 614 488 666 vulnera
502 613 634 677 miiitum,
653 619 682 666 et
694 620 808 681 propter
822 616 914 682 sepul·

2 687 3 746 j
102 689 197 734 turam
209 684 378 746 occisorum,
392 685 494 746 nostri,
509 683 632 735 triduum
643 685 757 748 morati,
777 699 824 738 eoa
833 687 914 753 requi

1 792 5 814 ,
104 755 160 805 uon
171 754 335 819 potuissent.
360 755 461 818 Caesar
471 753 506 804 ad
517 753 658 820 Lingonas
668 754 778 806 litteras
787 755 912 807 nuncios-

104 836 160 890 quo
175 821 262 885 misit,
283 837 318 872 ne
334 837 381 874 eos
396 822 551 886 frumento,
571 839 640 875 nere
657 823 713 876 alia
728 839 760 874 re
774 825 913 878 iuvarent:

104 893 153 960 qui
168 892 191 942 oi
206 893 354 955 iuvissent,
373 892 511 944 seeoriem
528 893 603 957 loco,
624 908 677 962 quo
688 893 845 958 Helvetios,
866 892 913 946 ha·

104 961 239 1013 biturumss
274 963 350 1028 lpse,
369 963 462 1014 triduo
473 964 644 1026 intermisso,
660 963 859 1028 cumomnibua
870 979 917 1018 co·

104 1033 159 1098 piis
170 1047 218 1082 eos
228 1033 306 1100 sequi
317 1033 418 1098 coepit·
778 1074 780 1079 .

68 1103 71 1106 ’
156 1098 274 1164 xxvii,
311 1102 914 1170 Helvetii,omniumrerurninopiaadduoti‚

104 1170 215 1238 legatos
225 1170 260 1221 dc
268 1170 451 1223 deditionead
462 1189 525 1224 eum
535 1175 680 1225 miserunt.
695 1173 748 1236 Qui
759 1188 913 1240 quumeum

2 1257 3 1260 ¹
105 1241 134 1306 iu
150 1241 252 1291 itincre
268 1243 461 1293 convenissent
474 1258 560 1310 seque
574 1242 610 1295 ad
631 1242 716 1310 pedes
732 1244 914 1308 proiecissent

105 1310 324 1380 suppliciterque
334 1311 422 1363 locuti
433 1311 532 1364 ilcntes
548 1327 643 1380 pacem
660 1313 808 1378 petissent,
828 1318 912 1379 atque

107 1379 156 1431 eos
167 1381 195 1430 in
205 1395 239 1430 eo
249 1380 323 1444 loco,
344 1395 397 1449 quo
413 1388 593 1446 tumescent,
613 1397 691 1432 suurn
707 1381 856 1434 adrentum
867 1395 913 1433 ex-

2 1443 3 1476 ³
106 1455 235 1516 spectare
250 1452 388 1514 iussisset,
405 1458 564 1517 paruerunt.
592 1453 634 1502 Eo
650 1456 798 1518 postquam
810 1452 913 1502 Caesar

2 1566 4 1588 ¹
106 1519 913 1588 perrenitobsides,arrrra,serros,quiadeosperiugisuent,

108 1589 244 1656 poposcit.
262 1587 336 1641 Dum
348 1606 381 1642 ea
387 1593 588 1658 conquiruntur
598 1588 821 1653 etconsenmtur,
831 1594 912 1640 nocte

109 1659 278 1722 intermissa,
296 1661 408 1712 circiter
421 1659 564 1711 hominum
574 1661 652 1711 milia
662 1658 701 1712 vi
711 1659 856 1728 eiuopegi,
866 1659 913 1725 qui

108 1727 286 1794 Verbigenus
297 1729 466 1795 adpellatur‚
476 1732 532 1782 sire
543 1731 645 1782 timore
658 1731 815 1796 perterriti,
824 1745 859 1781 ne
869 1742 913 1780 ar·

109 1798 164 1848 ruis
178 1797 290 1850 traditis
303 1799 436 1867 supplicio
452 1799 650 1862 adficerentur,
669 1801 727 1852 sire
746 1815 794 1867 spe
813 1799 913 1850 salutis

109 1867 232 1932 inducti,
252 1869 339 1936 quod,
366 1870 394 1920 in
414 1875 494 1920 tanta
512 1869 690 1922 multitudine
709 1870 912 1930 dediticiorum,

108 1952 189 1988 suam
200 1935 294 2006 fugam
304 1944 352 1989 aut
362 1940 505 2002 occultari,
514 1944 563 1990 aut
572 1941 685 1990 omnino
695 1941 819 2006 ignorari
830 1953 912 2006 posse

2 2005 4 2056 Ξ
107 2007 912 2076 existimarent‚primanocteecastrisflelvctiorumegres-

2 2087 3 2102 ³
105 2077 139 2140 ai,
147 2075 186 2128 ad
198 2074 323 2128 Rhenum
335 2079 458 2145 finesque
469 2079 670 2130 Germanorum
683 2080 894 2132 contenderunt.

2 2185 3 2210 ÷
160 2145 288 2199 xxvllr.
324 2147 404 2209 Quod
426 2149 471 2200 ubi
486 2150 588 2200 Caesar
602 2149 706 2210 resciit,
730 2163 847 2218 quorum
863 2161 913 2213 per

2 2218 9 2246 r
106 2214 912 2286 finesierant,iris,uticonquirerent,etreducerentsisibi

106 2287 221 2352 purgati
233 2287 422 2350 corcordiam,
440 2289 595 2354 imperarit:
611 2287 742 2340 reductor
751 2289 779 2338 in
789 2285 913 2337 hostium

107 2370 226 2406 numero
241 2352 353 2407 habuit:
382 2355 502 2424 reliquos
517 2373 626 2420 oroneo,
645 2357 801 2419 obsidibus,
820 2355 914 2418 aruris,

2 2449 5 2470 >
57 2417 61 2424 ’
107 2424 232 2492 perfugis
243 2425 367 2488 traditis,
386 2427 415 2476 in
426 2425 593 2478 deditionem
604 2430 720 2490 accepit
757 2425 914 2487 Helvetios,

2 2503 3 2516 ¹
104 2494 258 2562 Tulingos,
276 2495 444 2562 Latobrigos
459 2496 654 2558 intresecus,
668 2493 746 2561 ¹unde
760 2501 916 2562 erantpro·

102 2561 186 2626 fecti,
205 2567 307 2616 reverti
317 2565 400 2616 iussit
410 2570 439 2616 et
449 2564 535 2634 quoii,
551 2565 677 2618 omnibus
687 2563 823 2618 fructibus
833 2567 914 2618 amia·

105 2635 159 2697 ais,
169 2633 244 2690 domi
256 2633 324 2687 nihii
335 2640 409 2698 erat,
424 2651 478 2702 quo
490 2631 591 2686 famem
602 2634 771 2698 tolerarent,
787 2635 916 2688 Allobro·

104 2703 358 2832 gipppiupppparit
369 2711 401 2762 ut
410 2704 446 2758 iia
457 2703 588 2758 frumenti
600 2703 707 2828 copiarp
718 2703 855 2758 iacerent:
872 2705 911 2770 ip·
