2152 3144
209 185 261 236 auo
402 183 590 235 nrumru
610 184 664 236 ue
681 159 823 242 surano

260 286 361 342 XXlX.
380 285 455 337 inter
470 293 564 339 castra
580 289 654 356 regis
666 295 695 340 et
707 288 832 341 Caesaris
843 289 899 340 iter
910 287 1025 339 llumen

210 357 574 424 mtercedebatangustum,
590 358 736 410 altissimis
747 361 825 427 ripis,
840 357 914 426 quod
925 359 956 408 in
970 358 997 409 N
1002 359 1025 407 i·
1054 370 1058 374 ·

210 428 267 479 lum
283 425 434 489 influebat;
463 427 561 478 aberat
575 435 668 480 autem
684 430 718 480 ab
733 431 809 496 regis
824 430 922 478 castris
938 427 1027 478 milia

145 515 149 523 ·
210 511 340 564 passuum
353 498 465 547 circiter
483 502 597 562 septem.
634 499 693 550 llex
704 514 787 565 quum
799 495 851 548 hoe
861 498 963 548 itinere
974 513 1026 549 re·

211 569 272 618 nire
284 567 431 618 Caesarem
442 569 630 632 comperisset,
648 569 799 636 equitatum
812 583 919 619 omnem
932 581 1026 632 expe.-

210 637 340 703 ditesque
361 636 482 688 delectos
502 636 610 702 pedites
630 637 665 687 ad
685 638 714 688 id
733 636 835 692 llumen
855 638 946 698 misit,
969 636 1023 702 qui

209 708 331 759 transitu
353 707 500 757 Caesarem
520 705 701 772 prohiberent
723 713 752 758 et
767 709 874 758 enrirrus
891 721 925 756 ex
945 707 1022 770 ripis

209 776 349 842 proelium
360 777 450 843 impar
460 777 576 828 inirent:
588 777 694 829 nullum
707 779 779 831 enim
790 791 953 844 processum
965 777 1021 825 rir-

176 885 180 895 .
208 843 399 906 tushabebat‚
429 846 640 912 autperieulum
656 846 899 914 ignaviasubibat.
936 845 1020 906 Quae

182 933 187 940 ’
209 929 255 965 res
265 914 389 968 incendit
399 900 498 966 dolore
509 917 614 967 milites
625 918 788 983 equitesque
799 922 919 977 nostros,
939 914 1020 981 quod

209 991 265 1034 tum
285 982 410 1049 dispari
428 985 537 1050 proelio
554 1001 614 1037 eum
630 986 826 1036 Alexandrinis
847 989 1018 1036 certaretur.

208 1053 306 1118 ltaque
319 1052 416 1103 eodem
428 1059 554 1120 tempure
565 1056 673 1122 equites
684 1053 825 1116 Germani,
838 1053 957 1119 dispersi
969 1067 1017 1103 va·

209 1121 245 1181 da
256 1123 377 1172 llumiuis
393 1130 577 1191 quaerentes,
605 1126 706 1189 partim
722 1125 931 1176 demissioribus
942 1122 1017 1188 ripis

209 1191 314 1242 llumen
325 1196 523 1256 transnarunt3
539 1199 566 1244 et
576 1194 735 1260 legionarii,
747 1195 854 1261 magnis
865 1193 1016 1244 arboribus

122 1323 123 1328 ¹
208 1261 323 1323 excisis,
345 1277 416 1330 quae
429 1262 601 1330 longitudine
613 1271 760 1331 utramque
772 1266 860 1331 ripam
872 1262 1017 1330 continge-

207 1336 280 1395 rent,
296 1333 438 1397 p-roiectis‚
454 1335 656 1402 repentinoque
668 1349 770 1401 aggere
781 1335 893 1394 iniecto,
908 1331 1017 1382 llumen

205 1401 390 1453 transierunt.
426 1402 550 1464 Quorum
564 1403 697 1473 impetum
715 1403 785 1455 adeo
806 1403 1017 1471 pertimuerunt

205 1467 316 1532 hostes,
346 1473 414 1522 utin
430 1473 497 1540 luga
506 1489 582 1540 spem
598 1474 696 1524 salutis
708 1473 892 1525 collocarent:
923 1469 974 1521 sed
985 1471 1016 1521 id

205 1539 324 1603 frustra3
354 1557 472 1609 namque
490 1557 569 1594 exea
583 1541 651 1610 fuga
662 1544 741 1608 pauci
752 1542 786 1592 ad
798 1557 891 1610 regem
901 1539 1016 1608 refuge·

204 1619 281 1673 runt,
302 1626 391 1677 paene
402 1613 478 1662 omni
489 1612 597 1680 reliqua
607 1613 784 1664 multitudiue
797 1611 953 1662 interfecta.

257 1679 345 1730 XXX.
365 1682 476 1744 Caesar,
487 1697 517 1732 re
530 1682 751 1746 praeclarissime
758 1689 847 1748 gesta,
859 1681 1014 1748 quumsub·

204 1750 274 1798 itum
292 1749 441 1800 adventum
463 1766 543 1801 suum
565 1751 701 1801 iudicaret
718 1766 848 1818 magnum
871 1756 1012 1800 terrorem

204 1817 402 1888 Alexandrinis
417 1819 599 1882 iniecturum,
632 1821 758 1886 protinus
774 1821 861 1870 vietor
871 1819 904 1868 ad
918 1827 1012 1870 castra

205 1889 280 1953 regis
294 1887 443 1953 pertendit.
467 1888 544 1940 Haec
555 1903 638 1954 quum
650 1896 679 1941 et
690 1902 772 1956 opere
785 1903 886 1956 magno
896 1888 1011 1949 vallata,

205 1958 687 2022 etlocinaturamunitaadvertcrct,
698 1959 910 2026 coniertamquc
922 1973 1011 2009 arura-

204 2035 297 2078 torum
308 2028 514 2079 multitudinem
525 2028 687 2079 collocatam
700 2032 727 2080 in
738 2028 812 2079 vallo
823 2029 939 2090 rideret,
955 2027 1011 2079 las·

205 2113 250 2148 sos
260 2099 362 2150 itinere
378 2113 410 2148 ac
423 2097 588 2165 proeliando
598 2099 703 2150 milites
719 2100 754 2157 ad
770 2097 954 2167 oppugnanda
967 2113 1009 2149 ca·

193 2174 264 2218 'stro
275 2168 425 2219 succedere
437 2168 535 2219 noluit,
563 2170 670 2234 ltaque,
682 2185 737 2222 non
748 2183 849 2237 magno
861 2165 1009 2219 intervallo

205 2237 305 2298 relicto
317 2238 350 2289 ab
361 2236 455 2300 hoste,
485 2245 578 2290 castra
592 2240 690 2304 posuit.
727 2239 844 2290 Postero
855 2239 901 2289 die
911 2237 1009 2288 castel-

205 2307 277 2370 lum,
306 2308 381 2374 quod
399 2323 449 2360 rex
463 2309 490 2372 iq
502 2311 628 2375 proximu
639 2311 699 2361 vico
711 2325 767 2361 uon
777 2310 860 2374 longe
871 2324 888 2359 a
898 2308 954 2357 suis
965 2323 1009 2358 ca·

202 2379 272 2443 stris
283 2381 425 2430 rnunierat
434 2378 611 2448 brachiisque
623 2394 683 2430 cum
695 2385 1009 2446 operecastrorumcou·

204 2447 346 2508 iunxerat,
377 2450 428 2498 vici
442 2450 584 2500 obtinendi
600 2465 711 2512 caussa,
742 2451 847 2500 Caesar
857 2447 1006 2514 adgressus

205 2516 330 2568 cornibus
342 2518 429 2584 copiis
441 2525 590 2585 expugnat,
601 2532 656 2569 non
667 2534 721 2585 quo
733 2520 759 2570 id
773 2521 878 2570 minore
890 2531 1006 2568 numero

205 2585 323 2635 militnm
338 2590 468 2654 consequi
480 2589 589 2640 difficile
601 2587 677 2639 factu
690 2594 815 2656 putaret3
825 2587 874 2640 sod
887 2593 917 2636 ut
927 2586 960 2637 ab
971 2600 1007 2636 ea

203 2652 333 2715 victoria,
366 2658 522 2719 perterritis
534 2658 740 2722 Alexandrinis,
769 2659 898 2726 protinus
914 2661 1006 2707 castra

205 2721 279 2784 regin
292 2731 475 2789 oppugnaret.
512 2727 608 2794 ltaque
620 2741 653 2779 eo
665 2743 757 2792 cursu,
768 2744 823 2796 quo
834 2725 1005 2794 rel'ugientes
