2134 3148
249 260 251 264 .
341 203 594 260 asbiorno.
812 207 866 260 453

71 324 200 362 cessurus.
236 310 316 378 Equo
328 312 527 362 circumi-ectus
545 309 725 378 legionesque
737 310 865 364 coborte-

9 377 10 386 ’
70 387 119 442 tus,
129 381 210 447 signo
223 379 446 441 dato,aceessum
459 379 579 431 bostium
590 382 793 448 aucupabatur:
807 383 865 446 ipse

70 451 136 501 eninr
154 465 171 500 a
185 449 243 500 suis
260 450 460 500 munitionibus
477 449 587 517 longius
604 465 659 500 non
676 452 736 501 sine
754 453 865 504 ratione

8 569 9 578 ,
70 535 121 570 non
133 517 308 584 procedebat,
321 520 395 587 quod
406 521 434 569 in
447 520 548 586 oppido
560 518 667 582 Uzitae,
687 519 761 587 quod
772 519 864 586 Scipio

69 589 194 650 tenebat,
214 587 332 639 bostium
356 594 437 640 erant
458 588 587 640 cohortes
608 597 746 653 armatae3
775 590 866 641 eidem

70 666 158 709 autem
172 657 272 724 oppido
284 658 319 709 ad
335 659 463 710 dextrum
482 659 555 710 latus
572 660 632 710 eius
648 674 735 710 cornu
747 666 808 710 erat
820 675 867 727 op·

69 729 200 794 positum3
220 729 436 796 verebaturque,
447 745 495 792 ne,
511 730 535 778 si
547 734 772 796 praetergressus
783 735 867 792 esset,

69 811 102 850 ex
113 797 213 864 oppido
224 801 370 864 eruptione
382 798 468 862 faeta,
480 799 514 850 ab
525 798 613 850 latere
625 813 687 850 eum
699 799 789 850 adorti
801 815 867 851 con·

67 865 199 918 siderent.
236 867 387 920 Praeterea
404 867 473 920 haec
492 883 602 936 quoque
618 884 680 920 eum
697 884 794 920 earrssa
809 874 866 920 tar·

68 935 150 999 davit,
174 935 248 1004 quod
268 944 330 988 erat
350 937 429 989 loeus
449 939 559 1006 quidam
582 940 778 1004 per-impeditus
800 946 866 990 ante

68 1007 152 1056 aciem
165 1005 310 1074 Scipionis,
321 1023 401 1076 quem
412 1009 470 1059 suis
481 1007 679 1075 impedimento
689 1010 725 1060 al
738 1009 811 1061 ultro
823 1025 867 1059 oe·

67 1077 230 1128 currendum
245 1077 307 1129 l'ore
318 1079 504 1130 existimabat.

117 1214 188 1266 lux.
207 1213 269 1266 Non
283 1216 469 1268 arbitroresse
480 1216 867 1286 praetermittendum,quem·

66 1285 212 1334 arlrriodum
229 1289 368 1336 exereitus
386 1289 531 1356 utriusque
549 1287 654 1339 suerint
672 1289 701 1336 in
718 1287 803 1337 aciem
827 1288 866 1336 in·

65 1355 175 1421 structi.
213 1353 305 1422 Scipio
323 1353 376 1407 hdc
391 1357 474 1407 modo
491 1357 578 1408 aciem
594 1356 705 1410 direxit·
742 1354 865 1406 Colloca-

66 1426 113 1475 bat
124 1425 151 1473 in
170 1422 263 1476 fronte
279 1437 344 1494 suas
360 1431 388 1476 et
402 1425 486 1477 lubae
502 1427 639 1494 legiones:
659 1430 757 1492 postea
772 1430 867 1476 autern

65 1493 198 1564 Numidas
210 1495 237 1543 in
249 1494 417 1546 subsidiaria
428 1499 487 1548 acie
498 1498 538 1548 ita
554 1503 718 1548 extenuatos
730 1499 761 1546 et
769 1495 798 1544 in
808 1494 868 1545 lon·

64 1564 220 1631 gitudinem
233 1561 363 1628 directos,
375 1571 406 1616 ut
417 1566 513 1631 procul
525 1565 643 1632 simplex
655 1581 716 1618 esse
726 1567 801 1616 acies
812 1580 868 1616 nie·

65 1635 112 1684 dia
134 1633 168 1684 ab
190 1634 351 1700 legionariis
367 1635 501 1692 militibus
516 1635 669 1694 rideretur:
688 1635 717 1685 in
739 1635 868 1686 cornibus

64 1709 159 1754 autem
172 1703 273 1769 duplex
285 1719 347 1756 esse
362 1706 581 1758 existimabatur.
617 1703 790 1773 Elephantos
801 1704 869 1754 dex·

63 1781 110 1824 tro
123 1773 292 1842 sinistroque
304 1789 390 1826 cornu
406 1777 603 1837 collocaverat,
622 1765 783 1843 aequalibus
795 1775 869 1824 inter

63 1857 113 1895 cos
135 1844 291 1903 intervallis
311 1846 481 1902 interiectis:
506 1853 571 1914 post
591 1853 683 1898 autem
706 1842 868 1910 elephantos

59 1917 222 1965 armaturas
234 1915 308 1966 leves
319 1915 508 1985 Numidasque
519 1917 702 1968 substituerat
711 1915 868 1986 auxiliares.

62 1985 227 2050 Equitatum
239 1985 383 2037 frenatum
394 1988 554 2038 universum
571 1987 598 2037 in
609 2001 659 2038 suo
670 1986 770 2038 dextro
783 1999 870 2034 cornu

63 2053 256 2120 disposuerat3
293 2057 435 2108 sinistrum
461 2058 533 2108 eninr
559 2072 645 2120 cornu
665 2055 765 2122 oppido
787 2054 870 2103 Uzita

63 2123 259 2187 claudebatur,
276 2140 366 2192 neque
378 2129 567 2193 eratspatium
580 2128 719 2193 equitatus
732 2123 869 2190 expliean·

64 2193 104 2244 di.
141 2192 292 2246 Praeterea
307 2195 442 2246 Numidas
463 2195 587 2262 levisque
604 2201 762 2246 armaturae
777 2191 868 2242 inlini·

63 2271 124 2314 tam
137 2263 346 2315 multitudinem
357 2265 391 2316 ad
404 2265 530 2316 dextram
544 2271 649 2331 partsmr
661 2279 728 2314 suae
739 2263 809 2314 aciei
821 2275 869 2328 op·

64 2338 208 2399 posuerat,
220 2333 280 2384 fere
300 2335 446 2386 interiectu
468 2349 522 2384 nou
544 2336 633 2386 urinus
653 2333 719 2384 urile
739 2346 870 2399 passuum

63 2405 172 2469 spatium
195 2402 267 2454 etad
281 2403 361 2454 collis
374 2405 480 2455 radices
492 2406 579 2471 magis
591 2403 737 2471 adpulerat
747 2402 869 2468 longius·

64 2488 120 2540 que
133 2474 167 2525 ab
180 2473 402 2525 adversariorum
415 2475 530 2544 suisque
539 2475 624 2540 copiis
635 2479 824 2541 promoverat:
841 2469 870 2524 id

63 2542 119 2594 hoc
131 2542 258 2605 consilio,
278 2549 318 2606 ut,
337 2560 421 2612 quum
432 2546 504 2612 acies
515 2544 585 2596 duae
596 2547 671 2596 inter
680 2559 710 2595 se
721 2557 869 2594 eoneucur-

63 2613 171 2674 rissent
181 2614 260 2664 initio
272 2615 444 2674 certaminis,
464 2614 559 2682 paullo
576 2614 683 2684 longius
696 2613 870 2695 eiusequita·

62 2692 109 2734 tus
123 2685 326 2740 circumvectus
339 2699 373 2736 ex
384 2687 532 2754 impreviso
543 2685 684 2742 clauderet
695 2681 870 2736 multitudine

65 2769 118 2808 sua
137 2757 293 2824 veremitam
307 2757 434 2808 caesaris
456 2764 538 2826 atque
558 2756 751 2826 perun-batum
772 2751 870 2806 iaculis
