2134 3148
186 104 238 158 146
380 106 411 158 Δ.
429 105 572 158 lliRTll
589 105 648 158 DE
664 105 804 159 Banna

185 210 233 261 bet
251 211 369 261 secerni.
405 207 546 272 Addurite,
566 211 666 276 inquit,
686 209 755 261 istos
770 208 878 280 nesorio
894 223 998 264 scetere

184 277 380 331 contaminatos
391 287 419 330 et
429 280 508 330 caede
519 278 620 330 civium
628 278 776 348 saginatos.
788 281 834 331 Sir
845 285 926 330 extra
937 281 996 330 ral-

189 349 246 399 lum
259 348 370 399 deducti
381 357 446 399 suot
457 353 486 398 et
497 349 686 400 cruciabiliter
696 349 849 400 interfecti.
874 350 997 399 Tirones

188 426 282 470 autem
305 419 383 469 iubet
402 418 476 469 inter
497 419 626 486 legiones
643 419 828 484 dispertiriet
840 419 998 468 Cominium

188 503 250 540 eum
267 489 366 539 'l'icida
386 489 415 538 in
437 496 615 556 conspectum
636 503 714 538 suum
735 487 865 556 prohibet
885 487 997 538 adduci.

187 558 250 620 Qua
261 573 295 608 ex
307 573 337 608 re
350 557 452 609 Caesar
462 566 626 622 commotus,
638 573 696 619 eos,
708 574 775 624 quos
786 559 815 608 in
827 558 998 608 stationibus

187 643 248 678 cum
265 628 357 694 longis
374 627 489 678 naribus
501 628 574 694 apud
586 627 726 694 Thapsum
738 627 882 680 custodiae
894 642 997 678 caussa

186 696 216 748 in
228 698 289 748 salo
302 713 362 748 esse
374 699 508 760 iusserat,
529 705 562 748 ut
571 701 628 748 suis
641 699 778 749 onerariis
789 697 934 764 longisque
949 711 995 746 na-

187 768 267 818 ribus
280 767 424 833 praesidio¹
433 773 539 830 essent,
561 768 595 819 ob
608 767 806 835 negligentiam
822 767 996 834 ignominiae

187 851 287 888 caussa
302 837 481 887 dimittendos
496 839 531 889 ab
543 841 682 899 exercitu,
704 838 956 904 gravissimumque
967 838 995 885 in
1058 837 1059 844 ’

188 921 236 958 eos
249 906 367 957 edietum
380 908 590 972 prummrendum
601 907 716 959 curarit.
852 971 853 974 Ἴ

232 975 343 1027 XLVll.
364 975 416 1026 Per·
427 976 453 1025 id
466 982 577 1044 tempus
590 977 649 1028 fere
662 977 790 1028 Caesaris
803 975 941 1044 exercitui
952 990 997 1025 res

188 1044 290 1097 accidit
316 1045 489 1098 incredibilis
510 1047 617 1098 auditu.
663 1047 789 1114 Namque
813 1043 998 1113 virgiliarum

187 1115 268 1183 signo
281 1113 422 1178 confecto,
443 1116 554 1168 circiter
564 1117 661 1184 vigilia
671 1116 795 1168 secunda
804 1117 907 1177 noctis,
928 1117 999 1165 nim·
1058 1161 1059 1176 ,

188 1186 238 1237 bus
254 1201 316 1235 cum
327 1199 413 1236 saxee
433 1186 569 1252 grandine
589 1189 683 1238 subito
695 1192 739 1238 est
750 1191 865 1236 exortus
886 1186 998 1252 ingens.
1058 1189 1059 1234 3

188 1256 232 1308 dd
240 1253 296 1306 boc
304 1259 396 1305 autem
409 1256 612 1307 incommodum
624 1264 790 1317 accesserat,
807 1255 879 1322 quod
892 1257 999 1306 Caesar

187 1340 254 1387 non,
267 1339 344 1375 more
356 1326 532 1391 superiorum
544 1327 755 1393 imperatorum,
772 1325 800 1376 in
812 1325 937 1376 hibernis
950 1341 998 1376 ex-

188 1396 306 1446 ercitum
318 1395 486 1456 continebat,
498 1395 587 1446 sed-in
599 1399 684 1447 tertio
697 1402 851 1464 quartoque
862 1395 919 1458 die,
934 1410 997 1462 pro·

188 1463 312 1516 cedendo
324 1465 493 1532 propiusque
506 1463 614 1517 hostem
631 1465 801 1527 accedendo,
821 1471 999 1515 castracom·
1058 1517 1059 1524 χ

188 1535 342 1597 niuniebat3
361 1549 501 1603 opereque
517 1535 658 1598 faciendo,
679 1535 824 1586 militasse
838 1534 997 1600 circumspi-

188 1603 278 1655 ciendi
300 1619 356 1654 non
378 1602 518 1656 habebant
538 1604 709 1660 facultatem.
736 1603 997 1656 'Praetereaitaex

188 1672 288 1724 Sicilia
297 1675 451 1724 exercitum
464 1681 713 1742 transportaverat,
722 1681 768 1737 ut„
781 1679 894 1741 praeter
903 1675 996 1740 ipsum

186 1743 448 1806 militem‘etarma,
469 1761 558 1812 neque
569 1760 631 1807 vas,
651 1760 741 1812 neque
752 1743 933 1810 mancipium,
949 1759 997 1794 ne-

186 1826 239 1880 que
251 1811 336 1862 ullam
348 1825 416 1875 rem,
428 1829 499 1880 quae
511 1830 561 1864 usu
574 1815 657 1865 militi
669 1829 729 1866 esse
741 1813 895 1876 cousuevit,
906 1817 935 1863 in
948 1828 996 1863 na-

184 1897 232 1933 ves
243 1881 346 1947 imponi
358 1886 511 1948 pateretur.
529 1887 562 1936 ln
571 1884 665 1936 Africa
674 1890 766 1936 autem
778 1898 834 1933 non
845 1883 927 1933 modo
940 1883 996 1933 sibi

185 1950 335 2020 quidquam
347 1967 401 2002 non
414 1953 607 2019 adquisierant
625 1961 675 2006 aut
694 1957 874 2020 pararerant3
893 1951 944 2003 sed
956 1959 997 2003 et-

185 2023 240 2072 iam
252 2026 366 2088 propter
377 2036 505 2073 annonae
517 2024 664 2076 caritatem
677 2029 742 2074 arrte
755 2029 855 2089 parata
867 2037 997 2072 consum·
1058 2055 1059 2092 q

185 2097 289 2144 serant.
326 2091 432 2152 Quibus
453 2094 537 2144 rebus
559 2093 717 2154 adtenuati,
739 2093 838 2158 oppido
859 2107 997 2160 perquam
1026 2131 1030 2138 .

183 2163 266 2228 pauci
280 2161 331 2212 sub
347 2161 467 2229 pellibus
485 2163 716 2229 adquiescelmnt:
736 2164 844 2230 reliqui,
865 2177 898 2212 ex
911 2164 996 2212 vesti-

182 2231 285 2284 mentis
307 2232 466 2283 tentoriolis
487 2231 570 2283 iactis
586 2240 669 2302 atque
690 2233 873 2283 arundinibus
888 2233 994 2299 scopis·

183 2317 234 2370 que
246 2304 396 2366 contextis,
418 2304 628 2369 permanebant.
665 2304 782 2369 ltaque,
797 2297 889 2352 su‘bi'to
901 2302 993 2353 imbre
1058 2357 1059 2370 χ

181 2371 371 2438 grandioeque
393 2377 558 2435 consecuta,
583 2374 690 2440 gravati
712 2371 847 2438 pondere,
865 2371 993 2422 tenebris

180 2455 305 2508 aquaque
322 2457 416 2492 omnes
432 2443 545 2494 subruti
559 2442 740 2510 disiectique,
761 2446 843 2492 nocte
855 2442 994 2508 intempe-

178 2515 235 2570 sta,
255 2510 367 2578 ignibus
379 2512 525 2562 exstinctis
537 2514 674 2580 rebusque
687 2512 722 2563 ad
732 2513 834 2562 rictum
845 2509 991 2576 pertinen-

178 2579 252 2627 tibus
265 2579 393 2628 cornibus
405 2582 554 2646 corruptis,
567 2597 617 2648 per
629 2588 721 2632 castra
731 2581 834 2650 passim
847 2579 990 2647 vagaban-

178 2651 238 2707 tur,
259 2648 402 2713 scutisque
420 2651 514 2716 capita
536 2652 730 2720 contegebant.
776 2651 988 2722 Eademnocte
