2150 3124
184 188 218 246 1⁶
373 189 430 244 DE
451 189 592 242 BlleLO
611 189 797 244 alurico

224 291 324 347 ¹XXV.
360 295 475 358 Caesar,
495 295 689 361 primumsdo,
708 294 808 348 deinde
818 295 942 347 omnium
952 301 989 350 ax‘

181 370 330 431 conspectu
340 367 455 416 remotis
465 365 556 432 equis,
576 367 870 432 utaequctoomnium
879 367 988 433 pericu·

180 431 210 484 lo
225 435 302 500 spem
318 433 400 502 fugae
415 434 542 496 tolleret,
566 433 728 485 cohortatus
746 449 832 498 suos,
851 435 988 502 proelium

181 505 325 554 commisit.
361 504 481 568 Milites,
489 519 512 554 ·e
524 503 586 555 loco
597 505 740 571 superiore
750 505 813 570 pilis
824 506 927 566 missis,
948 503 988 554 fc-

181 571 235 623 cile
250 571 370 623 hostium
391 573 556 641 phalangem
571 573 772 641 perfregerunt.
809 577 851 626 Ea
865 575 989 636 disiecta,

181 641 282 708 gladiis
298 642 437 696 destrictis
456 644 486 694 in
506 657 554 694 eos
573 645 706 709 impeturn
727 642 860 696 fecerunt.
897 643 988 695 Gallis

180 725 282 778 magno
297 713 333 764 ad
348 728 469 781 pugnam
485 720 547 764 erat
559 713 772 779 impedimento,
796 713 883 782 quod,
904 713 988 779 pluri-
1042 731 1046 740 ‚

180 779 233 831 bus
245 796 344 834 eorum
355 785 441 835 scutis
450 795 505 834 uno
517 784 574 832 ictu
587 783 706 848 pilorum
721 783 902 834 transfixiset
912 780 988 834 colll-

182 852 268 917 gatis,
294 865 378 919 quum
398 851 504 902 ferrum
519 866 548 902 se
568 850 731 914 inflexisset,
756 868 846 920 neque
860 850 989 912 euellere,

182 935 285 988 neque,
314 921 426 971 sinistra
444 920 589 986 impedita,
619 920 686 970 satis
701 922 845 974 commode
865 935 989 989 pugnare

181 993 324 1054 poterant3
352 989 475 1040 multiut
486 988 533 1039 diu
549 991 652 1041 iactato
662 989 776 1042 brachio
791 997 990 1058 praeoptarent

182 1066 292 1109 scutum
312 1073 396 1109 manu
416 1059 544 1110 emittere
569 1065 598 1110 et
617 1059 691 1110 nudo
712 1073 830 1126 corpore
856 1073 987 1128 pugnare.

182 1128 308 1179 Tandem
326 1127 485 1178 vulneribus
504 1127 621 1192 defessi,
642 1133 670 1180 et
689 1129 788 1194 pedem
808 1129 931 1193 referre,
952 1134 989 1191 et,

181 1196 256 1264 quod
267 1211 346 1248 mons
356 1198 470 1250 suberat
480 1197 589 1249 circiter
599 1198 664 1250 mile
675 1213 821 1266 passuum,
837 1214 871 1250 eo
881 1214 911 1250 se
920 1199 989 1250 reci·

182 1281 249 1332 pere
265 1273 423 1332 coeperunt.
460 1267 548 1333 Capto
559 1274 652 1320 monte
668 1275 697 1320 et
712 1269 924 1321 succedentibus
941 1283 989 1320 no·

180 1337 260 1398 stris,
280 1337 382 1403 Boiiet
393 1335 520 1404 Tulingi,
541 1339 587 1405 qui
599 1337 863 1390 hominummilibus
877 1339 989 1390 circiter

181 1405 237 1460 XV
245 1421 343 1473 agmen
355 1405 476 1458 hostium
492 1406 659 1464 claudebant
674 1413 704 1460 et
719 1410 874 1461 novissimis
889 1408 989 1475 praesi-

182 1475 228 1526 dio
239 1481 332 1538 erant,
353 1491 388 1528 ex
398 1479 499 1528 itinere
514 1477 729 1531 nostroslatere
742 1485 840 1545 aperto
856 1479 989 1545 adgressi,
1028 1497 1029 1501 ¹

183 1546 403 1598 circumvenere:
428 1553 457 1598 et
467 1546 495 1596 id
505 1549 655 1614 conspicati
664 1549 802 1612 Helvetii,
819 1550 903 1615 quiin
915 1560 990 1598 moa·

134 1623 136 1626 “
182 1619 239 1666 tem
250 1629 311 1668 sese
321 1623 498 1684 receperant,
508 1631 605 1667 rursus
615 1618 733 1680 instare,
744 1623 773 1670 et
782 1617 920 1684 proelium
929 1615 992 1666 red·

181 1686 323 1751 integrare
334 1691 494 1752 coeperunt.
540 1687 657 1737 Romani
668 1701 801 1738 conversa
811 1688 891 1753 signa
900 1685 990 1750 bipar-
1026 1717 1030 1728 ·

181 1753 235 1803 tito
246 1754 412 1806 intulerunt:
440 1757 531 1821 primu
540 1768 573 1806 ac
584 1755 707 1806 secunda
718 1757 805 1819 acies,
825 1761 857 1806 ut
868 1756 947 1806 victis
959 1769 990 1805 ac

182 1823 319 1874 submotis
333 1825 492 1887 resisteret3
518 1825 616 1886 tertia,
636 1829 668 1874 ut
683 1826 825 1876 venientes
841 1825 991 1890 exciperet.

234 1890 336 1943 XXVI.
369 1893 413 1943 lta
422 1893 535 1959 ancipiti
545 1892 652 1964 proelio
662 1893 710 1944 diu
720 1899 804 1962 atque
814 1896 917 1945 acriter
927 1908 982 1960 pag

182 1965 279 2012 natum
290 1965 340 2011 est.
376 1961 490 2014 Diutius
506 1976 590 2028 quum
602 1967 760 2014 nostrorum
775 1964 896 2030 impetus
910 1963 992 2014 susti·

181 2044 248 2080 nere
264 2043 319 2080 non
334 2035 462 2096 possent,
484 2031 564 2084 alteri
579 2047 622 2094 se,
641 2037 673 2082 ut
687 2039 851 2100 coeperant,
870 2035 899 2083 in
915 2046 991 2084 mon·
1060 2043 1061 2048 ’

180 2105 239 2150 tem
259 2105 438 2166 receperunt3
476 2101 559 2154 alteri
581 2101 616 2152 ad
631 2103 830 2170 ¹impedimenta
849 2107 877 2154 et
896 2115 992 2155 carros

181 2179 249 2220 suos
268 2183 298 2221 sc
317 2169 503 2222 contulerunt.
539 2170 609 2222 Nam
630 2169 683 2223 lroc
693 2177 755 2224 toto
765 2172 886 2240 proelio,
906 2186 990 2240 quum

182 2239 217 2290 ab
236 2237 306 2290 hora
325 2239 442 2304 septima
461 2241 497 2292 ad
515 2255 660 2307 vesperum
680 2248 832 2310 pugnatum
846 2243 896 2304 sit,
916 2256 991 2292 arer-
1060 2235 1061 2306 s

181 2321 243 2360 sum
268 2307 376 2360 bostem
395 2310 490 2363 videro
509 2324 592 2362 nemo
611 2314 711 2378 potuit.
747 2311 788 2365 Ad
808 2311 925 2363 multam
944 2325 991 2361 no·

182 2386 254 2429 rtem
277 2379 363 2429 etiam
389 2379 424 2430 ud
446 2380 646 2446 impedimenta
671 2386 823 2449 pugnatum
843 2387 899 2444 est,
926 2393 990 2446 pro·

182 2458 279 2514 pterea
299 2448 372 2515 quod
388 2450 523 2515 provallo
539 2465 634 2502 carros
645 2452 820 2514 obiecerant,
849 2457 878 2502 et
897 2466 913 2502 e
929 2449 990 2500 loco

182 2519 325 2583 superiore
354 2518 383 2568 in
414 2524 525 2571 nostros
554 2523 696 2572 venientes
719 2520 777 2572 tela
800 2520 990 2577 coniiciebant,

157 2609 159 2614 ·
183 2591 212 2637 ct
235 2586 361 2637 nonnulli
385 2589 459 2640 inter
478 2604 573 2641 carros
592 2596 725 2659 rotasque
744 2596 865 2642 maturas
885 2604 917 2640 oc
935 2592 990 2638 tra·
1060 2599 1061 2646 l

181 2654 262 2723 gulas
297 2657 480 2710 subiiciebant
507 2664 674 2728 nostrosque
702 2660 891 2712 uolnerabant.
931 2656 987 2707 Diu
1060 2653 1061 2710 l

182 2739 267 2793 quum
281 2731 354 2778 esset
367 2734 536 2796 pugnatum,
555 2729 759 2799 impedimentis
774 2729 926 2796 ouansque
935 2735 991 2800 ‘no‘
1060 2769 1061 2808 p
