2150 3124
342 161 618 236 'niueam‘
701 161 705 170 ’
867 183 901 234 ar

93 297 142 337 eas
153 284 236 337 silvas
246 281 341 337 hostes
352 286 380 335 in
393 285 503 336 occulto
514 302 574 339 sese
585 287 776 340 continebant:
787 289 814 338 in
826 301 902 354 aper·

91 360 122 406 to
143 351 206 406 loco
227 356 376 407 secundum
392 353 494 430 ssunren
510 373 614 424 paucae
629 359 763 410 stationes
778 359 902 425 equitum

92 424 265 476 videbantur.
301 424 436 476 Fluminis
456 433 518 478 erat
537 427 658 483 altitudo
674 429 784 479 circiter
800 427 901 493 pedoni
918 486 920 490 ,

93 495 186 544 trium.
232 489 234 500 ’
375 503 378 510 ’
489 492 492 502 “
895 501 899 510 ’

146 562 220 614 XlX.
247 564 373 625 'Caesam
393 565 520 631 equitatu
535 569 697 632 praemisso,
717 565 902 633 subsequeba-

93 639 140 684 tur
151 629 281 684 omnibus
291 635 390 700 copiis:
412 635 461 684 sed
472 638 545 685 ratio
556 636 680 703 ordoque
691 637 808 704 agminis
819 635 902 686 aliter

93 718 123 754 se
138 701 271 766 habebat,
292 701 614 769 ae'BelgaeadNervios
626 706 793 757 detulerant.
830 703 902 756 Nam

93 772 167 840 quod
189 765 331 842 all'bostis
351 772 604 845 adpropinquabat,
633 775 831 828 consuetudine
852 789 904 824 sua

94 843 197 894 Caesar
216 856 266 898 sex
285 841 411 909 legiones
422 845 564 910 expeditas
576 845 706 898 ducebat:
733 851 796 912 post
806 859 852 896 eas
863 849 904 912 to·

95 907 300 985 tiusfl'exercitus
310 912 508 980 impedimenta
520 915 685 966 collocarat:
700 916 770 976 ¹inde
782 914 853 966 duae
864 913 903 964 le·

94 983 278 1050 giones‚quae
288 985 414 1048 proxime
426 981 598 1053 conscriptae
610 991 793 1047 erant‚totum
805 999 905 1052 agmen

95 1051 276 1113 claudebant,
287 1052 479 1120 praesidioque
489 1055 694 1120 impedimentis
704 1060 793 1107 erant.
821 1055 905 1121 Equi-

94 1126 139 1172 tes
159 1123 260 1183 nostri,
285 1136 347 1172 cum
368 1120 555 1188 firnditoribus
575 1127 781 1193 sagittariisque
801 1123 905 1175 llumcn

94 1191 276 1258 transgressi,
297 1206 359 1242 cum
381 1189 500 1244 hostium
512 1196 636 1261 equitatu
647 1195 783 1263 proelium
795 1195 907 1258 commi·

95 1265 201 1326 seruat.
239 1259 331 1323 Quum
343 1277 373 1313 se
384 1261 424 1312 illi
436 1263 597 1327 idemtidem
608 1266 637 1315 in
648 1265 731 1316 silvas
742 1265 777 1315 ad
787 1279 853 1314 suos
864 1277 908 1314 ro·

96 1332 221 1398 ciperent
241 1345 273 1381 ac
292 1345 389 1381 rursus
406 1345 440 1382 ex
454 1333 523 1384 silva
533 1336 561 1386 in
572 1341 682 1386 nostros
693 1336 824 1402 impetum
837 1331 908 1383 iace·
932 1365 934 1371 κ

94 1410 172 1460 rent,
185 1416 201 1450 n
216 1457 218 1464 ¹
239 1415 273 1452 ue
284 1404 372 1452 nostri
383 1400 506 1469 longius,
518 1419 599 1471 quam
611 1419 692 1472 quem
704 1404 738 1454 ed
751 1405 833 1454 linem
846 1416 908 1468 porr

95 1475 173 1522 rocta
184 1484 216 1521 ac
238 1485 288 1535 oca
298 1478 395 1537 aperta
406 1473 591 1538 pertinebant,
602 1473 732 1524 cedentes
743 1475 850 1540 insequi
861 1486 908 1521 au-

95 1539 208 1600 derent:
224 1540 339 1610 'interim
351 1539 475 1608 legiones
485 1557 546 1607 sex,
567 1559 637 1610 quae
648 1544 753 1609 primae
763 1547 908 1601 venerant,

95 1623 181 1676 opere
192 1609 329 1674 dimenso,
341 1615 432 1662 castra
443 1615 551 1676 munire
562 1617 721 1678 coeperunt.
757 1611 808 1663 Ubi
820 1611 908 1678 prima

94 1678 294 1746 impedimepta
306 1681 394 1744 nostri
407 1679 545 1734 exercitus
555 1685 589 1734 ab
600 1682 656 1746 his,
678 1683 724 1750 qui
735 1682 763 1733 in
774 1681 850 1732 silvis
861 1678 909 1750 ab5

95 1749 148 1798 diti
159 1747 300 1818 latebant,
318 1750 378 1800 risa
389 1755 467 1818 suut,
478 1752 564 1820 (quod
576 1758 683 1820 tempus
695 1754 825 1804 intereos
837 1766 910 1801 com·

94 1818 225 1869 mittendi
250 1819 350 1884 proelii
376 1827 562 1885 convenerat)
588 1825 641 1884 ita,
671 1827 703 1873 ut
727 1825 801 1873 intra
824 1820 909 1872 silvas

95 1888 184 1938 aciem
206 1887 371 1958 ordinesque
394 1892 596 1954 constituerant
610 1899 692 1960 atquc
707 1893 758 1959 ipsi
773 1907 834 1944 sese
846 1906 910 1942 eon·

93 1957 287 2021 firmaverant,
316 1959 408 2018 subito
429 1962 556 2012 omnibus
576 1965 663 2029 copiis
683 1962 909 2030 provolaverunt,

93 2028 286 2095 impetumque
305 2030 334 2082 iu
351 2035 461 2082 nostros
473 2029 726 2099 equites'fecerunt.
761 2033 814 2084 His
825 2029 909 2082 facile

94 2097 186 2163 pulsis
197 2111 230 2147 ae
240 2099 423 2163 proturbatis,
437 2100 590 2153 incredibili
603 2103 747 2155 celeritate
757 2102 793 2153 ad
804 2101 909 2152 llumen

95 2167 328 2230 decucurrerunt,
341 2176 372 2220 ut
383 2184 469 2235 paene
481 2185 536 2223 uno
546 2176 672 2238 tempore
684 2177 712 2223 et
723 2173 758 2223 ad
769 2171 866 2230 silvas,
880 2174 909 2219 et

93 2238 125 2286 in
136 2235 263 2297 flumine,
285 2242 313 2288 et
322 2239 376 2288 iam
388 2240 416 2289 in
427 2241 553 2292 manibus
563 2243 666 2293 nostris
677 2241 771 2293 hostes
783 2239 908 2294 videren-

93 2311 159 2367 tur.v
170 2306 379 2368 Eademautem
392 2308 536 2372 celeritate
548 2311 665 2363 adverso
677 2311 748 2370 colle
762 2309 796 2360 od
808 2312 907 2358 nostra

94 2381 202 2494 caepa,
224 2380 307 2444 atque
323 2392 385 2441 eus,
404 2379 451 2446 qui
461 2379 489 2430 iu
499 2395 582 2446 opere
594 2383 720 2447 occupati
732 2383 824 2440 erant,
845 2393 907 2430 coro

92 2449 255 2496 tentarunt
520 2497 522 2502 A
888 2463 894 2480 r

145 2513 207 2565 XX.
245 2513 356 2567 Caesari
377 2517 469 2572 omnia
488 2534 544 2570 uno
559 2526 685 2587 tempore
697 2515 907 2585 erantagenda:

93 2583 227 2636 vexillum
246 2587 470 2652 proponendum,
490 2589 564 2656 quod
575 2591 861 2656 eratinsigne,quum
871 2585 908 2642 ad

92 2670 173 2706 arma
188 2655 317 2706 concurri
332 2661 488 2721 oporteret:
510 2661 620 2727 signum
635 2660 703 2712 tuba
713 2658 847 2711 dandum:
873 2657 908 2708 ab

94 2739 179 2788 opere
199 2724 348 2777 revocandi
367 2725 482 2779 milites:
504 2732 549 2795 qui
566 2730 661 2797 paullo
676 2730 785 2797 longius
796 2727 907 2794 aggeris
