2124 3154
293 192 631 262 ursrnnransr.
810 208 862 262 aa

67 313 198 364 sariorum
213 312 374 365 oeciderunt
389 312 518 373 CXXIII,
545 311 756 379 compluresque
777 314 862 364 armis

64 383 148 444 feroti,
159 381 238 432 multi
250 382 410 434 vulneribus
420 383 523 434 adfecti
535 383 563 432 in
573 381 861 434 eastrasuntredaoti‘z

66 453 150 502 nostri
162 451 324 503 eecIderunt
334 453 384 515 1113
403 454 489 503 saucii
499 452 551 502 XII
563 451 688 517 pedites,
711 453 818 519 equItes
829 449 862 501 V.

66 522 130 574 Eius
141 520 195 570 diei
207 523 361 588 insequenti
373 528 511 589 tempore,
533 522 650 588 pristina
661 519 863 572 consuetudine

67 604 114 658 pro
124 605 202 640 muro
213 593 331 658 pugnari
341 597 468 657 coeptum
480 597 531 642 est.
550 591 642 652 Quum
653 592 724 641 bene
736 605 863 656 magnam

67 659 267 710 multitudinem
281 660 399 711 telorum
414 663 561 728 ignemque
573 660 676 710 nostrIs
692 659 864 710 defendenti-

67 730 116 780 bus
125 727 293 791 iniecisseut,
304 730 454 781 nefandum
466 730 744 796 crudeIIssimumque
756 728 865 788 facinus¹

68 801 132 848 sunt
140 797 276 864 adgressi,
294 801 322 849 in
334 806 537 867 conspectuque
550 805 646 849 nostro
659 798 797 865 hospites,
819 799 865 865 qui

68 870 95 918 in
108 867 207 933 oppido
218 875 307 931 errant,
318 869 446 935 iugulare
459 876 486 920 et
497 869 533 920 de,
543 880 622 919 muro
634 870 866 934 praeeipitesnnt-

68 942 127 988 tere
139 945 303 1002 coeperunt,
319 939 403 990 sicuti
414 938 487 1005 apud
497 938 645 989 barbaros:
662 939 735 1004 quod
746 943 813 1005 post
820 936 867 988 ho-

13 1055 15 1072 ‚
68 1007 169 1056 minum
181 1009 346 1058 memoriam
356 1023 505 1075 numquam
518 1013 561 1059 est
571 1007 684 1059 factum.

119 1073 192 1127 XVI.
213 1077 303 1128 Huius
314 1077 368 1141 diei
382 1084 507 1129 extremo
522 1084 648 1144 tempore
664 1076 867 1143 eI’ompeianis

68 1145 138 1196 elam
147 1149 258 1196 nostros
269 1146 432 1198 tabellarius
444 1153 487 1198 est
498 1149 612 1209 mimus,
632 1153 664 1199 ut
674 1162 708 1198 ea
719 1152 800 1196 noete
811 1153 868 1197 tur-

67 1230 112 1267 res
123 1229 307 1282 aggeremque
319 1215 500 1268 incenderent
510 1222 538 1268 et
549 1218 634 1267 tertia
643 1216 738 1282 vigilia
746 1217 869 1280 eruptio·

67 1300 131 1334 nem
144 1282 276 1336 facerent.
294 1286 337 1336 Ita
347 1288 410 1353 igne
422 1284 869 1352 telorumquemultitudineiaota,

67 1369 150 1420 quum
172 1355 240 1405 bene
261 1369 390 1422 magnam
416 1361 523 1422 partem
550 1357 623 1406 muri
643 1354 869 1416 consumsissent,

13 1451 20 1462 ·
68 1428 177 1490 portam
184 1460 192 1486 ‚
211 1438 282 1490 quae
293 1439 308 1474 e
319 1427 434 1492 regione
447 1431 476 1476 et
486 1428 512 1474 In
528 1430 680 1490 conspeetu
691 1424 813 1488 Pompeii
825 1438 870 1474 ca·

59 1499 190 1562 ¹atrorum
202 1492 302 1556 fuerat,
317 1499 487 1560 aperuerunt
498 1496 647 1560 copiaeque
658 1499 736 1544 totae
746 1495 870 1559 eruptio·

68 1577 133 1613 nem
145 1562 273 1614 feceruut
283 1579 432 1630 secumque
444 1563 730 1614 extuleruntcalcatas
738 1561 772 1612 ad
778 1561 870 1612 fossas

68 1631 246 1698 complendas
258 1637 286 1683 et
296 1631 471 1700 harpagones
482 1631 517 1683 ad
529 1647 616 1694 casas,
648 1647 719 1698 quae
735 1636 870 1682 stramen-

58 1701 149 1752 titiae
162 1702 308 1753 abnostris
320 1701 499 1754 hibernorum
509 1701 870 1763 caussaaedifieataeerant,

67 1770 219 1822 diruendas
231 1777 261 1822 et
271 1772 470 1835 incendendam
480 1778 627 1838 praeterea
637 1776 782 1838 argentum
790 1775 818 1821 et
826 1786 871 1820 ro-

59 1843 262 1905 ammentant,
274 1841 339 1892 dum
351 1843 441 1892 nostri
450 1843 477 1892 in
491 1841 594 1907 praeda
604 1842 805 1902 detinerentur,
815 1838 869 1903 illi,

67 1909 154 1961 caede
176 1909 263 1974 facta,
291 1911 326 1962 ad
348 1913 489 1978 praesidia
506 1912 632 1980 Pompeii
652 1925 683 1962 se
698 1911 870 1975 reciperent.-

57 1994 143 2042 ,uann
162 1980 236 2046 quod
248 1981 434 2044 existimabat,
457 1997 504 2032 eos
517 1996 596 2046 posse
608 1986 736 2032 conatum
749 1977 870 2038 efficere,

13 2033 15 2066 ⁵
67 2055 152 2100 nocte
167 2057 228 2100 tota
242 2049 318 2101 ultra
332 2052 391 2103 ibat
407 2050 510 2102 flumen
522 2050 631 2102 Salsum
645 2050 672 2100 in
685 2049 752 2100 acie.
789 2045 870 2106 Quod

56 2121 174 2180 'factum
191 2120 257 2170 lieet
273 2135 324 2170 nec
340 2122 517 2186 opinantibus
534 2122 637 2171 nostris
654 2123 728 2170 esset
748 2121 869 2183 gestum,

57 2197 174 2250 ¹tamon,
195 2189 299 2240 rittute
311 2188 390 2251 freti,
412 2189 540 2255 repulsos
552 2191 699 2254 multisque
711 2187 871 2238 vulneribus
891 2254 895 2258 .

57 2257 196 2322 ,adfectos
208 2259 310 2324 oppido
323 2263 516 2324 represserunt
527 2260 684 2325 praedaque
696 2261 725 2308 et
736 2257 820 2307 armis
826 2268 870 2306 eo·

56 2343 132 2388 ,rum
145 2333 212 2378 sunt
222 2329 304 2394 potiti
319 2330 451 2394 vivosque
468 2328 576 2393 aliquos
588 2330 735 2395 ceperunt,
763 2325 813 2393 qui
824 2337 870 2390 po·

55 2407 146 2462 ‚storo
159 2397 204 2448 die
216 2403 282 2448 sunt
292 2396 443 2448 interfecti.
471 2397 631 2464 Eodemque
643 2403 769 2462 tempore
782 2401 871 2445 trans·

60 2469 138 2536 'Iuga
149 2469 290 2518 nunciant
302 2481 336 2518 ex
352 2467 466 2533 oppido,
488 2469 610 2530 Iunium,
633 2467 725 2534 quiin
742 2463 869 2517 cuniculo

63 2539 185 2599 fuisset,
217 2536 393 2602 iugulatione
410 2537 612 2604 oppidanorum
636 2537 710 2588 saeta
726 2536 870 2594 clamasse,

58 2607 179 2684 jaciam
194 2621 221 2658 ee
236 2606 382 2677 nefandam
397 2615 424 2658 et
438 2608 521 2658 aceiae
532 2607 648 2678 fecitte:
677 2622 739 2658 nom
751 2620 793 2656 eoa
803 2601 881 2657 nita

64 2677 211 2739 caeruiae,
241 2692 324 2744 quare
340 2675 389 2728 toli
400 2692 488 2744 poeno
503 2676 697 2746 adficerentur,
726 2675 772 2744 qnt
783 2671 872 2727 eoood

63 2764 133 2802 aros
145 2747 260 2822 etsoeoe
269 2763 329 2806 aaut
340 2747 501 2817 recepissent
504 2765 516 2811 ;
531 2764 626 2819 eoaque
636 2745 782 2817 hospitium
792 2747 870 2798 :ceu
