2152 3132
171 153 222 208 100
360 149 416 206 DE
435 149 575 206 Baubo
594 153 780 208 GALLlCO

220 255 305 310 XXV.
324 257 414 319 Quum
426 259 455 310 in
467 259 594 310 omnibus
605 258 688 322 locis,
710 266 854 312 consumta
863 261 918 312 iarn
932 277 971 313 re·

169 330 336 400 liquapnrte
347 330 449 390 noctis,
468 335 652 395 pugnaretur,
673 343 836 396 semperque
846 327 971 380 hostibus

169 413 231 467 spes
241 399 375 449 victoriae
390 397 647 466 redintegratorem
666 413 699 450 eo
715 400 816 464 niagis,
837 399 909 466 qnod
925 399 970 450 de·

168 477 247 521 ustos
258 469 370 534 pluteos
379 469 498 518 turrium
508 467 706 530 ridebant,nec
714 467 797 519 facile
807 468 882 519 adire
893 482 969 534 aper·

169 548 214 590 tos
225 539 259 589 ad
271 537 459 588 auxiliandum
470 539 591 588 animum
603 538 798 600 advertebant3
808 551 969 604 semperque

169 610 223 675 ipsi
235 611 361 658 recentes
376 605 494 658 defessis
511 607 711 670 succederent,
732 607 896 675 omnemque
907 606 970 658 Gal·
1050 614 1056 624 '

169 677 225 730 liae
240 677 359 728 salutern
374 678 401 726 in
423 676 470 726 illo
485 679 601 744 vestigio
615 678 749 744 temporis
766 680 886 744 positam
902 677 969 726 arhi-

169 751 325 798 trarentur:
337 746 970 814 accidit,inspectantibusnobis,quod,digrnun

171 819 306 868 nicuioria
321 817 423 876 visum,
444 816 722 880 praetermittendum
741 831 795 866 non
806 815 972 866 existimavi-

171 901 239 936 nius.
276 883 394 946 Quidam
412 890 477 933 ante
493 891 603 948 portani
620 886 715 950 oppidi
727 884 841 947 Gallus,
861 887 909 952 qui
924 899 973 950 per

171 969 268 1008 manus
284 955 343 1002 sevi
359 967 392 1004 ac
406 954 473 1017 picis
490 952 644 1004 transditas
655 955 750 1020 glebas
761 955 788 1002 in
800 955 894 1019 ignem
906 970 921 1004 e
934 966 989 1004 re·¹

170 1027 255 1092 gione
266 1023 353 1072 turris
363 1020 542 1088 proficiebat,
563 1025 710 1089 scorpione
723 1024 757 1072 ab
769 1023 857 1072 latere
873 1023 974 1072 dextro

170 1093 339 1144 transiectus
356 1091 585 1158 exanimatusque
602 1091 730 1143 concidit.
765 1092 849 1140 Hunc
861 1105 896 1141 ex
910 1101 980 1158 pro·¹

169 1164 252 1214 xlmis
262 1175 334 1213 unus
344 1161 482 1212 iacentetn
494 1168 698 1228 transgressus,
709 1160 807 1211 eodeni
818 1157 867 1214 illo
879 1175 976 1210 mune·

170 1248 202 1284 rc
214 1231 395 1297 fungebatur:
415 1229 513 1280 cadero
525 1232 636 1282 ratione
651 1232 707 1280 ictu
719 1230 871 1294 scorpionis
883 1231 977 1280 exani-

171 1309 246 1354 mato
259 1301 362 1363 altero,
382 1301 515 1351 successit
528 1302 632 1351 tertius
643 1306 671 1352 et
681 1301 766 1352 tertio
777 1305 904 1367 quartus3
923 1315 975 1350 nee

170 1376 248 1441 prius
263 1370 312 1422 illc
328 1377 371 1423 est
385 1386 402 1420 a
416 1371 672 1438 propugnatoribus
687 1385 788 1422 naeuus
805 1370 919 1421 relictus
936 1368 976 1418 lo-

172 1459 235 1505 cus,
256 1455 351 1510 quarn,
372 1441 509 1499 restincto
526 1455 628 1508 aggere
640 1447 722 1508 atque
734 1444 809 1492 omni
824 1446 903 1508 pagte
913 1439 976 1489 sub·

172 1515 255 1564 nrotis
266 1511 401 1572 hostibus,
415 1509 479 1562 sinis
491 1516 535 1562 est
547 1511 690 1578 pugnandi
701 1510 803 1563 iactus.¹

225 1579 323 1633 XXVl.
343 1581 444 1632 Omnia
455 1582 564 1647 experti
577 1581 662 1642 Galli,
683 1581 756 1648 quod
774 1595 819 1631 res
831 1580 907 1630 nulla
916 1593 975 1629 suc·

172 1656 312 1714 cesserat,
333 1656 446 1718 postero
458 1650 502 1700 die
513 1651 660 1700 eonsilium
673 1655 808 1716 ceperunt
823 1663 858 1698 ex
873 1647 974 1714 oppido

172 1719 333 1788 profugere,
348 1719 480 1768 hortante
492 1724 520 1768 et
530 1720 644 1769 iubente
655 1717 896 1785 Vercingetorige.
931 1715 974 1780 ld,
1070 1709 1072 1728 ⁴

172 1789 284 1839 silentio
298 1789 389 1838 noetis
407 1788 513 1848 conati,
534 1803 590 1838 nun
610 1803 711 1854 magna
731 1789 840 1837 iactura
859 1801 974 1837 suorum

171 1872 235 1908 sese
256 1854 406 1908 effecturos
425 1857 588 1920 sperabant,
612 1861 763 1923 propterea
788 1855 861 1922 qnod
882 1871 974 1924 neque

171 1927 255 1992 longe
267 1925 301 1976 ab
313 1924 415 1992 oppido
431 1933 525 1975 castra
534 1925 778 1993 Vercingetorigis
793 1926 923 1988 aberant,
945 1932 975 1977 ct

170 1996 250 2064 palus
262 2000 413 2062 perpetua,
433 2007 504 2058 quae
515 1995 717 2057 intercedebat,
738 1997 878 2046 Romanos
889 1995 923 2047 ad
934 1997 973 2044 in·

171 2064 342 2132 sequendum
354 2061 492 2114 tardabat.
509 2075 511 2082 ·
529 2064 640 2131 lamque
656 2063 709 2114 hoe
723 2064 817 2117 facere
833 2073 918 2116 noctu
928 2065 975 2116 ad·

172 2137 317 2204 parabant,
326 2139 518 2201 quuroniatrcs
530 2131 655 2185 familiae
666 2141 783 2202 repente
794 2137 822 2185 in
834 2135 975 2202 publicum

171 2207 374 2273 procurrerunt
384 2201 546 2270 flentesque,
558 2205 699 2270 proiectae
710 2204 743 2255 ad
756 2203 840 2272 pedes
852 2219 976 2265 suorum,

172 2276 299 2326 oninibus
308 2272 436 2342 precibus
448 2275 599 2338 petierunt,
611 2289 687 2325 nese
699 2279 726 2324 et
738 2289 896 2324 communes
907 2273 975 2325 libe·

171 2359 218 2396 ros
228 2343 355 2396 hostibus
364 2340 398 2392 ad
407 2342 573 2410 supplicium
584 2343 729 2406 dederent,
741 2359 810 2411 quos
821 2343 855 2394 ad
866 2345 975 2412 eapien-

172 2414 235 2465 danr
251 2413 346 2482 lugani
361 2417 478 2462 naturae
495 2418 524 2463 ct
536 2414 636 2464 virium
653 2411 802 2464 infirmitas
816 2413 976 2480 impediret.

171 2482 222 2534 Ubi
234 2497 283 2535 eos
292 2485 321 2534 in
332 2483 474 2532 sententia
482 2487 610 2548 perstare
621 2483 760 2546 viderunt,
771 2483 844 2551 quod
856 2487 976 2551 plerum·
1067 2485 1072 2556 j

170 2565 225 2617 qno
236 2552 265 2603 in
276 2565 383 2603 summo
392 2551 516 2618 peniculo
530 2553 617 2603 timor
631 2554 851 2605 misericordiam
861 2569 919 2603 non
931 2565 975 2603 re·
1070 2601 1072 2606 .

171 2621 254 2687 cipit,
275 2620 451 2673 conclamare
470 2627 501 2672 et
520 2623 679 2688 significare
699 2622 733 2674 de
753 2622 820 2692 luga
841 2621 973 2674 llonrunis

171 2695 332 2756 caeperunt.
369 2688 430 2750 (luo
442 2692 543 2742 timore
554 2693 699 2760 perterriti
711 2691 794 2757 Galli,
806 2707 840 2747 ne
852 2692 885 2748 ab
895 2693 973 2761 eqni·
