2124 3154
307 185 639 256 senonensi.
830 201 882 258 sor

266 302 369 358 Ouesar
385 301 474 372 Oppio
490 314 518 358 et
533 302 658 358 Cornelio
671 304 699 357 S.

131 381 162 432 Α.
174 375 200 428 d.
209 373 271 428 Vll.
282 375 323 429 ld.
333 375 418 426 Mart.
429 375 607 427 Brundisium
624 377 699 428 reni:
720 375 757 428 ud
772 389 884 430 murum

79 453 171 499 costra
182 446 272 513 posui.
308 444 456 512 Pompeius
472 451 516 496 est
530 445 684 498 Brundisii.
720 447 799 497 misit
810 461 827 498 a
838 461 884 499 me

80 519 129 569 Cn.
140 516 263 582 Magium
275 515 309 566 de
319 529 396 581 paee.
433 529 503 582 quae
515 517 573 566 vise
584 522 649 566 sunt
659 516 800 582 respondi.
830 514 884 568 boc

78 602 129 638 vos
141 587 237 636 statim
248 586 319 635 scire
331 584 415 636 volui.
442 600 502 636 curn
512 585 541 634 in
552 599 628 652 spem
638 600 751 648 venero,
763 585 883 637 decom-

80 657 219 724 positione
231 653 391 721 aliquidne
407 650 556 717 conticere,
577 656 671 706 statim
687 669 737 706 vos
747 656 883 708 certiores

80 727 190 778 faciam.
226 723 273 776 Ex
285 721 340 775 Cic.
351 721 396 774 lib.
406 724 423 774 9
434 723 471 776 ad
478 723 536 775 siti.
547 739 586 790 ep.
600 722 641 775 13.

133 796 176 846 De
194 795 314 846 caesare
337 793 450 860 fugerat
469 809 514 845 me
530 793 565 844 ad
581 799 610 845 te
626 794 757 846 seribere.
793 793 883 848 Video

14 881 27 892 ·
80 867 166 926 enirn,
188 869 302 931 questu
318 863 416 914 literas
430 866 609 930 exspectaris.
646 863 696 916 sed
710 864 758 916 ille
773 867 885 931 scripsit

79 935 116 986 ad
128 934 245 986 Balbum
255 932 417 984 fasciculum
427 933 507 984 illum
518 931 747 998 epistolarum,in
759 948 813 1003 quo
825 933 885 985 fuo-

79 1010 126 1057 rat
136 1010 166 1056 et
176 1018 246 1066 mea,
258 1011 286 1055 et
298 1001 484 1064 Balbi,totum
495 1002 548 1053 sibi
558 1017 631 1070 aqua
640 1005 781 1055 madidum
794 1004 884 1056 reddi·

80 1083 140 1126 tum
151 1089 227 1136 esse3
248 1079 325 1123 utne
336 1071 407 1124 illud
418 1071 530 1140 quidem
542 1074 620 1134 sciat,
633 1088 721 1124 meum
733 1073 823 1126 fuisse
835 1073 885 1124 all·

80 1159 163 1214 quam
177 1142 332 1210 epistolem.
367 1141 418 1194 sed
429 1157 464 1194 ex
474 1141 557 1193 Balbi
573 1143 691 1209 epistola
701 1157 788 1210 pauca
798 1143 884 1195 verba
898 1139 899 1144 ’

79 1213 270 1275 intellexerat,
281 1211 316 1262 nd
324 1227 398 1331 puae
409 1213 552 1278 rescripsit
563 1210 606 1263 his
616 1213 720 1264 verbis:
755 1210 800 1265 De
809 1211 884 1265 Cice·
972 1233 981 1257 s

79 1301 145 1338 rone
154 1283 265 1335 vidente
276 1280 322 1348 qui
341 1282 401 1334 dam
411 1280 560 1348 scripsisse,
578 1282 649 1348 quod
658 1298 707 1351 ego
718 1298 771 1336 non
780 1281 883 1334 intelle·

79 1351 555 1487 ttitbll‘tlllltzlitllt
569 1350 887 1490 {eistettensi

235 1458 244 1484 ἲ

14 1539 16 1546 ,
81 1504 176 1545 tarem.
212 1490 310 1558 ltaque
321 1461 420 1556 po⁰stea
434 1491 498 1542 misi
514 1490 549 1541 ad
562 1491 710 1542 Caesarem
724 1490 822 1544 eodem
832 1490 884 1542 illo

82 1562 209 1630 exemplo
219 1561 325 1612 literas.
360 1558 455 1610 locum
470 1565 563 1611 autem
579 1559 655 1610 illius
667 1561 702 1611 dc
714 1575 765 1611 sua
776 1565 884 1628 egesta·

79 1640 110 1684 te
122 1647 156 1684 ne
168 1633 207 1682 sis
219 1635 386 1696 aspernatus
398 1635 452 1680 etc.
487 1627 534 1682 Ex
547 1626 603 1682 Cic.
620 1628 664 1680 lib.
675 1629 693 1680 2
704 1629 741 1682 ad
752 1628 885 1693 Quintum

75 1703 200 1776 fratrem
211 1717 251 1769 ep.
266 1698 305 1750 12.

134 1772 213 1823 Libri
224 1774 290 1822 sunt
300 1769 480 1837 epistolarum
488 1769 517 1819 (l.
529 1769 657 1820 Caesaris
668 1767 703 1820 ad
715 1769 743 1819 C.
754 1769 884 1836 Oppium,

81 1847 111 1894 et
125 1841 243 1892 Balbum
260 1839 431 1902 Cornelium,
452 1840 498 1906 qui
520 1839 643 1891 roseius
663 1837 788 1890 absentis
804 1855 883 1891 cura·

81 1913 157 1964 bant.
193 1912 222 1961 in
233 1908 277 1961 bis
290 1908 415 1976 epistolis
431 1909 595 1976 quibusdam
612 1911 640 1958 in
658 1909 727 1960 locis
737 1909 884 1960 inveniun-

81 1988 128 2033 tur
139 1981 239 2046 literae
250 1979 429 2046 singulariae,
444 1979 504 2030 sine
517 1980 689 2047 coagmentis
700 1977 885 2045 syllabarum,

83 2066 152 2118 quas
163 2056 193 2101 tu
203 2053 286 2117 putes
300 2051 407 2115 positas
423 2048 573 2102 incondite.
610 2063 673 2099 nam
689 2048 775 2099 rerba
791 2063 826 2100 ex
841 2046 884 2098 bis

82 2120 172 2173 literis
184 2119 281 2170 eoniioi
293 2118 501 2184 nullapossunt.
513 2159 514 2162 ,
538 2125 600 2169 erat
611 2123 704 2169 autem
716 2123 883 2169 conventum

83 2193 215 2242 intereos
227 2186 444 2249 clandestinum,
465 2187 499 2238 de
510 2186 707 2238 commutando
722 2186 778 2237 situ
790 2186 884 2237 litera-

84 2275 154 2321 rurn,
174 2264 206 2309 ut
215 2258 243 2308 in
254 2258 357 2323 scripto
369 2255 479 2322 quidem
491 2256 547 2307 alia
558 2256 631 2308 aliae
641 2257 730 2306 locum
743 2260 772 2306 et
782 2271 883 2306 nornen

84 2332 205 2382 teneret:
224 2325 272 2378 sed
283 2324 441 2394 inlegentlo
452 2325 529 2376 loeus
536 2328 633 2392 cuique
644 2339 710 2376 suus
721 2330 750 2375 et
760 2331 885 2389 potestas

83 2400 289 2450 restitueretur.
300 2423 332 2432 -
344 2423 377 2432 -
390 2400 432 2446 est
442 2394 514 2446 adeo
525 2395 609 2447 Probi
621 2394 802 2446 Grammatiei
813 2409 885 2446 corn·

85 2469 237 2520 montarius
246 2468 316 2516 satis
326 2465 435 2516 curiose
447 2464 550 2530 faetus,
570 2465 605 2517 de
617 2464 727 2516 occulta
737 2464 884 2516 literarum

85 2538 288 2605 significatione
310 2534 491 2601 epistolarum
513 2535 541 2587 C.
562 2534 690 2587 Caesaris
708 2535 883 2602 scriptarum

84 2607 130 2661 Ex
139 2608 173 2658 A.
188 2604 326 2659 Gellii'ls‘b.
340 2602 380 2656 1⁷.
390 2620 450 2670 cap.
461 2602 487 2656 9.

95 2721 97 2725 .
135 2676 182 2730 Es
192 2674 306 2743 epistola
317 2675 354 2726 ad
364 2672 395 2738 Q.
406 2672 530 2726 Pediano
550 2671 652 2726 Caesar
663 2670 695 2738 Q.
706 2672 793 2728 Pedio
805 2672 842 2728 δὴ
855 2695 870 2706 ··

137 2746 284 2815 Pompeius
294 2760 330 2802 se,
341 2743 443 2815 oppido
458 2747 546 2804 tenet.
563 2759 615 2798 nos
630 2743 667 2798 od
682 2750 778 2814 portas
794 2749 884 2799 eastra
