2152 3144
315 166 603 240 l'snrnnnni
673 169 680 215 ἓ
846 169 900 240 ssa

92 287 177 368 gnare
192 299 219 342 et
232 289 362 342 munire.'
386 291 501 354 Caesar,
523 307 608 361 quum
629 305 695 344 suos
716 305 750 342 ex
770 283 902 340 omnibus

91 363 216 434 portibus
229 361 370 412 vulnerari
380 361 500 426 videret,
521 363 647 428 recipere
658 377 688 412 se
700 361 782 410 iussit
793 365 821 410 et
836 359 897 409 loco

92 433 236 485 excedere.
272 433 403 498 Erat‘per
415 430 520 484 declive
531 438 673 496 receptus:
685 429 727 480 illi
740 435 832 480 autem
845 425 898 479 hoc'

91 505 182 554 acrius
192 502 346 564 instabant,
363 517 453 568 neque
465 502 574 571 regredi
587 507 698 552 nostros
708 499 898 566 patiebantrrr3

92 571 164 640 quod
177 573 278 621 timore
300 571 411 621 adducti
432 572 523 622 locum
544 571 704 638 relinquere
724 568 898 618 ridebantur.-

92 641 202 693 Dicitur
213 655 246 691 eo
257 645 385 708 tempore
401 641 526 710 glorians
539 641 611 707 apud
622 655 688 690 suos
701 639 847 704 Pompeius
859 637 899 688 dn

91 705 175 774 sisse,
187 726 240 762 non
250 725 376 762 recusare
386 725 423 774 se,
436 712 500 778 quin
510 707 610 763 nrrltim
622 725 685 760 esras
696 709 845 776 imperator
856 723 900 758 ex·

92 776 275 842 minneretur,
296 779 319 830 si
329 779 516 832 rine'moximo
528 780 686 832 detrimento
703 777 820 848 legiones
834 773 900 828 Coe·

93 849 163 914 eqrir
184 865 239 901 sese
252 849 429 922 recepissent·
441 850 517 915 inde,
542 865 592 920 quo
613 859 712 902 temere
735 856 902 920 essenttpro·

90 935 211 992 gretser.
296 985 298 990 Ι
396 932 403 940 ··
464 937 483 944 ”
548 929 550 936 ’
895 939 897 946 v

146 988 243 1048 XLVI.
263 991 374 1053 caesar,
396 993 520 1058 receptui
541 1003 654 1043 suorum
675 991 787 1052 timens,
808 993 901 1038 crates

48 1113 51 1122 ,
95 1060 131 1112 ad
148 1066 302 1122 extremum
325 1061 461 1110 tumulum
483 1067 582 1112 contra
604 1060 713 1112 hostem
734 1057 856 1127 proferri
873 1061 902 1108 dt

95 1131 226 1192 adversas
245 1131 345 1192 locari3
367 1135 441 1181 intre
459 1129 509 1181 has
519 1131 661 1182 ¹mediocri
675 1129 830 1180 'latitudine
846 1127 902 1178 ios·

95 1217 162 1263 saun
185 1203 263 1250 tectis
275 1201 420 1261 militibus,
443 1201 542 1251 obduci
558 1201 640 1251 iussit
648 1197 794 1266 locumque
805 1199 832 1246 in
846 1211 901 1248 om-

95 1273 145 1338 'nes
156 1277 252 1336 partes
261 1285 340 1340 quam
354 1269 474 1322 maxime
486 1270 629 1337 impediri:
642 1273 702 1335 ipse
713 1269 821 1318 idoneis
833 1267 901 1316 locis

96 1337 253 1390 funditores
265 1339 408 1401 instruxit,
419 1345 451 1389 ut
460 1339 597 1407 praesidio
609 1340 712 1391 nostris
725 1353 754 1388 se
767 1337 903 1404 recipien-

95 1411 169 1460 tibus
181 1416 282 1460 essent.
318 1409 372 1458 His
384 1409 467 1460 rebus
490 1410 644 1479 completis,
663 1409 790 1475 legiones
807 1405 901 1457 reduci

95 1481 184 1530 iussit.
222 1479 384 1548 Pompeiani
404 1477 457 1528 hoc
474 1479 642 1530 insolentius
663 1485 746 1546 atque
769 1475 902 1527 audacius

95 1556 209 1600 nostros
220 1563 347 1614 premere
360 1555 389 1599 et
400 1549 507 1600 instare
519 1554 673 1615 coeperunt
684 1555 841 1616 cratesque,
851 1559 902 1612 pro

95 1619 252 1672 munitione
265 1619 398 1682 obiectas,
410 1619 603 1686 propulerunt,
615 1617 748 1668 ut‘iossas
758 1621 903 1666 transcen-

96 1687 204 1740 derent.
223 1687 303 1748 Quod
315 1704 397 1754 quum
410 1689 651 1739 animadvertisset
662 1687 774 1749 Caesar,
785 1687 902 1747 veritus,

45 1816 46 1821 Ἰ
95 1773 130 1809 ne
142 1758 329 1820 unni-educti,
343 1757 392 1808 scd
404 1760 501 1809 reiecti
512 1759 683 1821 viderentur,
700 1757 844 1823 maiusque
857 1755 903 1804 de·

95 1830 257 1878 trimcntum
270 1821 432 1894 caperetur,
454 1843 471 1877 e
482 1827 574 1880 medio
590 1827 651 1878 sere
665 1830 757 1895 spatio
774 1841 840 1877 suos
852 1831 903 1892 pei·

94 1899 315 1966 Antonium-qui
326 1899 350 1948 ei
363 1898 465 1964 legioni
478 1904 618 1973 praeerat,
635 1897 812 1958 cohortatus,
834 1895 903 1946 tuba

95 1971 204 2032 signnm
228 1968 288 2018 <lari
310 1973 396 2036 atque
411 1969 439 2018 in
454 1966 552 2019 hostes
573 1969 706 2037 impetum
729 1968 790 2018 lieri
812 1965 903 2016 iussit.

95 2037 203 2088 lllilites
215 2037 437 2105 legionisncnae
453 2038 545 2089 subito
563 2033 713 2104 conspirati
733 2037 790 2103 pila
810 2035 903 2086 conie-

96 2111 194 2157 cerunt
206 2112 247 2167 et,
269 2122 302 2157 ex
314 2106 449 2170 inferiore
464 2107 524 2158 loco
536 2107 670 2159 advorsus
683 2108 781 2158 clivum
792 2103 903 2154 incitati

96 2189 189 2238 cursu,
209 2177 374 2242 praecipites
385 2175 570 2242 Pompeianos
583 2181 701 2244 egerunt
712 2182 742 2227 et
750 2181 832 2241 terga
842 2187 902 2222 ver*-
950 2195 952 2201 ι

95 2249 332 2311 terecoegerunt:
352 2244 498 2310 quibus'ad
509 2247 699 2314 recipiendum
721 2250 811 2295 crates
831 2242 902 2292 dire

94 2318 157 2364 'ctae
168 2313 349 2382 longuriique
361 2314 462 2365 obiecti
479 2321 507 2364 et
523 2317 677 2366 institutae·
691 2313 783 2365 fossae
800 2325 900 2378 magno

93 2383 296 2450 impedimento
306 2380 428 2434 fuerunt.
464 2383 562 2434 Nostri
577 2399 659 2447 vero,
683 2385 729 2451 qui
742 2383 809 2432 satis
820 2381 900 2433 hube-

93 2453 163 2505 bnnt
174 2455 234 2503 sine
245 2453 414 2505 detrimento
427 2452 582 2517 discedere,
603 2453 792 2520 compluribus
813 2453 900 2502 iuter-

93 2522 185 2591 fectis,
204 2523 325 2591 quinque
338 2525 450 2573 omnino
462 2537 574 2574 suorum
587 2525 705 2587 amissis,
728 2524 900 2590 quietissime

93 2600 124 2644 sc
144 2599 323 2659 receperunt,
343 2589 500 2660 paullo'que·
512 2594 582 2644 citra
598 2609 661 2644 eum
679 2592 770 2645 locum
791 2593 900 2650 morati,

94 2662 156 2714 aliis
168 2661 374 2730 conmrelrensis
385 2661 511 2728 collibus,
527 2664 695 2715 munitiones
712 2663 898 2729 perfecerunt.

132 2733 257 2787 'XLVll
276 2733 426 2786 Erat-nora
438 2740 467 2786 et
478 2735 611 2788 inusitata
626 2733 690 2787 belli
713 2735 794 2797 ratio,
815 2747 896 2805 quum
