2180 3140
189 207 247 276 ΝΒ,
403 207 459 261 ΒΕ
478 207 619 274 otono
640 206 775 267 otvnn

191 315 248 368 luss
263 327 299 368 ex
314 313 422 368 eoloeo
440 312 611 380 digreditur,
641 317 812 366 uttnnorens
823 312 993 368 adverseris
1061 279 1063 344 ⁴

191 385 308 437 minuat.
344 383 473 436 Petreius
483 391 567 450 etque
577 381 722 446 Afranius,
742 383 837 434 oblata
848 381 996 448 facultate,
1063 366 1064 395 ¹

189 455 220 506 in
232 459 326 506 castra
335 468 396 506 sese
408 452 544 506 referunt.
580 454 698 516 Caesar,
719 453 866 518 praesidiis
877 453 903 502 in
915 469 996 507 mone

190 525 268 582 tibus
280 523 437 590 dispositis,
457 523 532 574 omni
544 521 579 572 ad
590 523 703 578 iberum
712 522 866 574 intercluso
877 523 990 588 itinere,

190 609 273 662 quam
294 593 421 661 proxime
440 598 533 659 potest
554 590 678 646 hostium
694 593 794 644 castris
809 598 902 644 castra
917 607 990 643 com·

189 664 291 715 muniit.
588 663 592 670 '

241 733 367 792 Lxxtlt
385 731 646 786 Posteroslieslnees
653 731 876 784 adversariorum
882 737 990 799 pertur-

188 803 257 865 bati,
267 802 340 870 qnod
351 817 460 854 omnem
471 802 513 853 rei
523 800 724 854 frumentariae
734 801 992 870 fluminisqueloeri

187 888 265 942 spem
287 873 465 932 disserant,
491 871 527 922 tle
548 871 665 939 reliquis
684 873 768 922 rebus
788 872 990 925 coronabunt.

188 944 258 994 Erat
268 957 353 994 uuum
364 943 430 1004 iter,
446 940 565 992 llerdasn
575 942 600 992 si
611 941 717 992 reverti
726 941 845 1004 vellent3
860 941 991 1004 alterum,

188 1013 216 1064 si
230 1013 419 1067 Tarraconem
439 1016 578 1076 peterent.
613 1011 693 1062 llaec
710 1011 921 1063 consiliantibus
942 1013 994 1074 eis,

189 1083 346 1143 nunciatur,
356 1085 506 1146 aquatores
516 1080 551 1131 ab
563 1081 688 1148 equitatu
700 1083 788 1147 premi
800 1086 904 1134 rostro.
929 1080 992 1142 Qua

187 1165 221 1202 re
233 1150 358 1219 cognito,
387 1149 501 1200 crebras
511 1151 651 1202 stationes
662 1149 814 1216 disponam
825 1151 951 1233 equitum
961 1155 992 1201 et

189 1218 348 1274 cohortium
357 1217 517 1280 alariarum,
528 1219 755 1287 legionariasque
765 1221 991 1275 tmenreiuutco·

189 1288 296 1354 hortis,
327 1288 485 1356 vallumque
497 1303 532 1340 es
541 1291 641 1340 castris
652 1287 687 1338 ad
698 1303 797 1356 aquam
811 1289 913 1346 ducere
923 1288 991 1350 inei-

189 1360 283 1428 frunt,
308 1365 340 1411 ut
350 1361 426 1411 iutra
436 1358 636 1420 munitionem,
664 1363 694 1410 et
705 1359 766 1412 sine
778 1361 880 1417 timore
891 1364 921 1410 et
929 1360 993 1410 sine

189 1429 375 1491 stationibus,
406 1427 504 1496 aquari
519 1433 642 1494 possent.
677 1427 709 1479 ld
725 1443 794 1494 opus
809 1430 884 1480 inter
898 1444 929 1479 se
940 1426 991 1480 Pe·

189 1499 280 1552 treius
292 1504 375 1567 atque
386 1498 517 1550 Afranius
528 1499 697 1564 partiuntur,
708 1498 816 1565 ipsique
827 1495 992 1565 perficiendi

190 1570 283 1636 operis
293 1583 392 1620 caussa
403 1568 513 1634 longius
523 1567 750 1635 progrediuntur.

242 1637 367 1691 Lxxtv.
386 1637 509 1699 Quorum
525 1637 651 1688 discessu
665 1637 782 1688 liberam
799 1638 988 1690 noctimilites

190 1706 395 1776 colloquiorum
406 1704 580 1767 facultatem,
601 1707 685 1774 vulgo
696 1705 850 1772 procedunt
860 1713 897 1770 et,
909 1723 990 1775 quesn

190 1777 307 1843 quisque
326 1776 473 1826 incastris
492 1781 587 1828 notum
604 1781 654 1826 aut
675 1777 841 1842 municipem
861 1775 991 1839 habebat,

189 1845 331 1912 conquirit
346 1850 431 1912 atque
448 1850 553 1895 evocat.
590 1843 713 1896 Primum
726 1854 814 1910 egunt
818 1846 928 1914 gratim
939 1863 992 1898 orn·

188 1929 235 1968 sses
245 1912 378 1974 ottonibus,
396 1912 467 1981 quod
473 1911 526 1964 slii
533 1914 691 1980 perterritis
697 1914 788 1982 pridie
794 1915 991 1982 pepercissent:

189 1999 280 2037 eorum
299 1999 327 2034 se
341 1981 468 2051 beneficio
487 1980 584 2046 virere,
603 1983 704 2036 deinde
720 1984 893 2051 imperatoris
905 1985 990 2055 fideus

189 2060 334 2124 quaerunt,
344 2061 449 2104 rectene
460 2068 487 2103 se
497 2052 539 2106 illi
549 2053 606 2105 sint
613 2053 797 2113 corrsroissurit
812 2061 848 2116 et,
860 2056 930 2123 quod
938 2071 991 2107 nors

188 2123 222 2176 ai
233 2121 313 2176 initio
319 2120 449 2194 fecerint,
466 2138 593 2190 erutaque
603 2139 662 2174 cum
672 2121 821 2176 luminibus
831 2123 990 2178 necessariis

185 2190 433 2261 ,droussnguineis
453 2193 629 2255 contulerint,
657 2198 820 2261 queruntur.
857 2194 910 2245 His
926 2209 989 2262 pro·

187 2264 278 2316 vocati
290 2263 475 2328 temonibus,
481 2261 566 2330 fidem
577 2261 610 2313 ult
621 2261 783 2330 imperatore
792 2263 823 2314 de
832 2261 938 2316 Petreii
948 2273 990 2316 ut·

188 2349 239 2402 que
249 2329 364 2404 Afranii
375 2330 433 2384 sita
441 2341 547 2398 petunt,
566 2349 599 2386 ue
607 2333 679 2399 quod
686 2332 715 2384 irs
724 2347 753 2384 se
761 2334 845 2384 scelus
856 2333 990 2401 concepis-

107 2401 109 2406 '
189 2420 225 2465 se,
243 2417 294 2454 neu
304 2417 365 2452 suos
373 2401 522 2468 prodidisse
532 2401 685 2454 videantur.
709 2399 811 2465 Quibus
822 2401 989 2472 confirmatis

188 2471 276 2535 relus,
295 2487 323 2523 se
332 2471 424 2523 statim
435 2470 514 2538 signu
525 2472 708 2523 translaturos
719 2474 894 2536 confirmant,
915 2471 998 2540 legs·

189 2548 290 2609 torque
310 2540 345 2592 sle
362 2554 430 2607 pace
446 2540 597 2607 primorum
614 2541 742 2592 ordinum
758 2542 936 2594 centuriones
951 2541 1000 2600 aul,

189 2611 338 2665 Gaesarem
348 2611 471 2660 mittunt.
507 2609 622 2660 interim
639 2609 687 2660 alii
699 2608 764 2662 snos
775 2611 804 2661 in
816 2617 908 2662 castra
918 2611 987 2663 invi·

188 2676 268 2730 tandi
281 2692 378 2730 caussa
387 2677 543 2740 adducunt3
555 2677 602 2728 alli
613 2679 648 2729 ob
658 2679 717 2729 suis
723 2679 904 2743 abducuntur,
915 2677 987 2732 adeo

189 2751 221 2799 ut
231 2761 286 2799 una
296 2752 390 2798 castra
397 2746 454 2798 iarn
464 2745 541 2805 taeta
550 2760 585 2798 ex
595 2745 669 2799 binis
678 2748 853 2812 riderentur:
863 2748 985 2822 conspin-
