2180 3140
374 175 526 230 hiltun
553 178 610 230 ΙΙΙ.
843 180 894 237 32³

12 323 15 331 ,,
93 281 182 340 locum
195 281 279 343 nacti,
291 279 431 347 ‚reliquam
444 281 534 346 noctis
542 287 653 347 qartem
664 280 702 334 ibi
715 283 895 336 coniecerunt

10 337 13 422 i
92 354 120 406 et
136 350 198 403 luce
213 352 316 416 priora,
338 349 428 402 missis
443 349 479 400 ad
495 365 543 402 cos
558 350 593 401 ah
609 351 729 407 Otacilio
747 355 896 421 equitibus,

91 421 136 489 qui
149 436 210 472 eam
221 425 334 486 partem
342 434 409 470 orae
424 421 580 474 maritimae
596 420 797 485 adservabunt,
820 424 896 480 circi.

90 497 134 545 tor
144 489 366 558 quadringentis,
372 491 474 557 quique
486 503 533 542 ecs
544 491 645 542 armati
657 506 692 542 ex
702 492 841 559 praesidio
851 509 894 545 se-

91 561 148 612 cuti
159 565 237 622 sunt,
259 575 290 612 sc
300 557 487 616 defenderunt
497 565 534 622 ct,
550 561 691 612 nonnullis
702 576 799 615 eorum
811 563 895 616 inter·

90 629 180 692 fectis,
190 629 343 686 incolumes
354 645 384 680 se
396 628 432 680 ad
442 636 553 680 nostros
563 637 738 696 receperunt.

141 699 243 754 XXlX.
263 700 325 762 Quo
337 697 894 766 factmccnventusciniumRomanorum,
979 740 983 748 .

11 781 12 784 ’
91 769 139 838 qui
149 768 264 820 Lissum
276 769 449 832 obtinebant,
460 767 534 836 quod
545 769 675 837 oppidum
688 772 721 820 iis
734 776 817 824 antea
829 773 895 824 Cac-

91 855 138 893 sar
149 838 324 890 adtribuerent
335 838 569 906 muniendumque
580 846 733 922 curaverat,
743 844 893 896 Antonium

90 908 200 975 recepit
214 910 397 976 omnibusque
413 909 498 960 rebus
513 909 590 960 iuvit.
627 910 773 972 Otacilius,
794 909 849 963 sibi
860 911 894 962 ti-

90 993 179 1041 mens,
197 979 297 1046 oppido
308 977 382 1047 fugit
392 982 419 1030 et
430 978 464 1030 ad
475 978 637 1046 Pompeium
649 981 785 1047 pervenit.
802 983 894 1048 Expu-

90 1049 152 1100 sitis
168 1050 296 1101 omnibus
312 1049 399 1116 copiis
413 1050 563 1112 Antonius,
582 1065 699 1116 quarum
715 1055 776 1103 erat
786 1066 895 1104 summa

89 1124 285 1174 veteranarum
301 1119 386 1170 trium
403 1119 546 1186 legionum
563 1121 703 1187 uniusque
718 1122 843 1172 tironum
865 1127 894 1172 et
945 1134 949 1140 ’

10 1237 12 1250 ,
88 1191 215 1256 equitum
226 1190 465 1256 octingentorum,
485 1189 634 1257 plerasque
646 1205 732 1242 naves
743 1192 771 1239 in
783 1191 893 1242 ltaliam

10 1267 12 1286 i
88 1259 212 1310 remittit
222 1257 257 1310 ad
269 1258 393 1326 reliquos
404 1259 508 1311 milites
525 1259 688 1327 equitesque
699 1264 895 1325 transportan-

89 1329 153 1383 dos:
172 1334 329 1397 pontones,
348 1327 424 1396 quod
434 1334 479 1382 est
488 1343 577 1396 genus
589 1330 698 1388 navium
711 1327 894 1391 Gallicarum,

87 1397 165 1458 Lissi
180 1397 328 1465 relinquit,
346 1395 400 1448 hoc
416 1398 544 1460 consilio,
562 1403 593 1448 ut
608 1397 718 1449 sitorte
734 1399 893 1466 Pompeius,

87 1482 201 1527 vacuom
214 1467 380 1520 existimans
391 1467 515 1530 ltaliam,
535 1483 568 1518 eo
579 1467 773 1520 marisiecisset
789 1469 893 1520 exerci-

86 1544 159 1601 tum,
178 1553 248 1604 quae
259 1537 354 1603 opinio
364 1542 427 1594 erat
438 1537 515 1588 edita
526 1538 553 1601 in
564 1536 675 1604 vulgus,
691 1536 814 1605 aliquam
827 1541 893 1590 Cae·

87 1607 180 1661 sarad
192 1605 392 1676 insequendum
405 1605 567 1658 facultatem
580 1604 711 1670 haberet:
723 1609 893 1674 nunciusque

87 1678 123 1732 ad
134 1693 196 1729 eum
209 1678 339 1730 celeriter
349 1679 445 1739 mittit,
455 1676 555 1745 quihus
565 1676 728 1744 regionibus
739 1679 892 1732 exercitum

88 1749 266 1816 cupiisuisset
277 1753 306 1799 et
317 1746 383 1814 quid
393 1746 515 1798 militum
527 1746 736 1800 transvenisset

139 1817 227 1870 XXX.
246 1817 325 1868 Haec
341 1817 440 1870 eodem
462 1815 522 1878 fere
537 1823 662 1885 tempore
684 1817 787 1870 Caesar
807 1823 892 1884 atque

86 1886 235 1954 Pompeius
257 1893 441 1955 cognoscunt:
465 1903 530 1944 nam
551 1891 759 1954 praetervectas
779 1888 892 1956 Apollo-

86 1959 163 2010 niam
176 1955 439 2026 Dyrrhachiumque
455 1972 540 2008 naves
555 1956 696 2020 viderant3
713 1958 767 2024 ipsi
782 1957 893 2024 itersssc·

87 2027 208 2080 erundum
230 2043 277 2080 eas
299 2032 377 2080 terra
392 2029 566 2088 direxerant3
585 2025 636 2078 sed
651 2041 705 2094 quo
728 2033 821 2080 essent
841 2043 892 2080 eae

87 2096 212 2160 delatae,
230 2097 327 2162 primis
347 2096 445 2148 diebus
465 2097 644 2164 ignorabant:
664 2098 831 2164 cognitaque
852 2113 893 2159 re,

86 2167 198 2221 diversa
208 2167 261 2218 sibi
273 2166 354 2217 ambo
366 2165 485 2218 consilia
496 2167 624 2231 capiunti
642 2167 756 2228 Caesar,
766 2176 799 2217 ut
809 2181 890 2232 quam
946 2169 952 2185 ’·

85 2238 207 2306 primum
219 2250 249 2288 se
260 2251 322 2286 cum
332 2237 452 2288 Antonio
464 2235 662 2302 coniungerct;
682 2235 840 2301 Pompeius,
861 2240 892 2285 ut

86 2304 264 2360 venientibus
275 2305 304 2354 in
316 2305 418 2357 itinere
429 2319 459 2356 se
476 2309 643 2371 opponeret,
662 2305 686 2354 si
698 2303 892 2370 imprudentes

87 2391 122 2428 ex
133 2374 244 2426 insidiis
255 2373 361 2424 adoriri
371 2378 477 2442 posset:
497 2372 650 2441 eodemque
662 2373 707 2426 dic
718 2379 835 2442 uterque
846 2389 891 2424 eo·

86 2461 149 2498 rum
171 2459 207 2497 ex
226 2446 325 2496 eastris
347 2443 456 2495 stativis
477 2458 495 2494 a
515 2443 628 2494 flumine
644 2445 717 2510 Apso
739 2445 890 2500 exercitum

87 2516 224 2582 educunt5
254 2514 402 2580 Pompeius
423 2512 544 2565 clamet
565 2518 660 2576 noctu,
678 2513 781 2566 Caesar
801 2512 890 2582 palam

85 2592 171 2654 atque
191 2584 321 2638 interdiu.
357 2583 412 2636 Sed
436 2583 549 2636 Caesari
570 2583 689 2634 circuitu
710 2584 818 2637 maiore
838 2585 889 2636 iter

87 2661 151 2710 erat
161 2655 283 2722 longius,
302 2653 418 2706 adverso
428 2651 556 2714 ssuniine,
571 2658 603 2704 ut
613 2653 684 2705 vado
696 2656 818 2710 transire
829 2651 887 2723 pos'·

85 2733 143 2780 set:
162 2725 321 2795 Pompeius,
327 2725 392 2794 quia
402 2723 532 2794 expedito
538 2724 639 2777 itinere
649 2723 751 2846 ssqmaen
764 2724 789 2777 ei
801 2733 880 2778 tram
