2124 3154
277 225 613 281 Hispaniensi.
805 231 859 284 49⁷

51 330 87 382 de
98 337 190 398 ponte.
227 327 330 383 Caesar
341 329 445 382 llumen
457 333 604 384 trausieeit
615 338 644 385 et
654 339 746 386 castra
756 338 860 401 posuit.

51 400 178 468 Scapula,
200 402 287 452 totius
307 401 453 454 seditionis
475 401 598 454 familiae
616 410 644 455 et
665 404 860 456 libertinorum

51 477 145 538 eaput,
156 484 192 522 ex
203 470 311 538 proelio
318 470 475 522 Cordubam
486 487 570 540 quum
582 476 712 535 venisset,
725 473 860 525 i'amiliam

52 548 82 592 et
91 541 207 592 libertos
219 541 387 602 convocavit,
407 555 506 608 pyram
518 544 572 594 sibi
582 545 728 605 exstruxit,
744 558 861 595 coenam

50 610 158 662 adferri
169 625 250 677 quam
262 611 380 678 opimam
392 612 546 677 imperavit,
556 614 626 664 item
638 615 749 681 optimis
758 615 861 664 inster-

50 680 172 732 nendam
184 681 370 734 vestimentis:
384 682 530 747 pecuniam
544 689 571 732 et
582 689 730 750 argentum
742 685 770 734 in
782 697 861 750 prae-

50 751 143 801 sentia
165 747 289 801 familiae
306 750 428 802 donavit.
465 751 526 817 lpse
538 751 573 803 de
584 759 708 818 tempore
721 756 861 815 coenavit,

50 822 174 871 resinam
186 824 216 871 et
225 820 341 872 nardum
353 821 513 873 idemtidem
526 822 579 873 sibi
595 821 724 875 infundit.
760 824 803 874 lta
814 837 863 873 no-

50 891 164 940 vissimo
177 895 303 956 tempore
314 905 424 942 servum
436 892 519 942 iussit
530 898 559 943 et
571 892 714 956 libertum,
736 893 784 960 qui
795 893 862 944 fuis-

51 964 97 1011 set
118 960 179 1010 eius
200 961 379 1024 concubinus,
400 960 522 1013 alterum
539 977 570 1014 se
585 962 724 1030 iugulare,
741 963 862 1016 alterurn

51 1045 151 1099 pyram
164 1027 323 1082 incendere.
514 1035 516 1042 ’

104 1098 233 1152 XXXIV.
253 1099 390 1167 Oppidani
411 1105 517 1163 autem,
540 1102 623 1153 simul
645 1104 750 1156 Caesar
769 1105 863 1156 ca'stra
956 1092 959 1096 ⁵

53 1174 154 1221 contra
165 1169 295 1237 oppidum
311 1171 418 1236 posuit,
438 1171 598 1224 discordare
609 1177 763 1240 coeperunt
774 1189 863 1241 usque

54 1255 104 1302 eo,
124 1244 157 1288 ut
168 1241 273 1292 clamor
283 1241 311 1290 in
322 1246 414 1293 castra
424 1247 521 1294 nostra
533 1245 689 1308 perveniret
700 1241 770 1306 fere,
786 1246 864 1294 inter

54 1310 238 1362 Caesarianos
255 1315 284 1361 et
298 1311 372 1362 inter
386 1309 578 1379 Pompeianos.
614 1315 703 1365 Erant
717 1311 762 1364 hic
778 1313 865 1380 legio·

52 1394 116 1443 nes,
137 1394 208 1447 quae
223 1393 258 1431 ex
273 1379 398 1448 perfugis
418 1383 591 1448 conscriptae
610 1381 737 1445 fucrant3
761 1384 864 1449 partim

54 1449 257 1518 oppidanorum
269 1451 352 1513 servi,
367 1450 413 1517 qui
425 1457 507 1502 erant
518 1467 535 1502 a
548 1450 611 1503 Sex.
622 1451 755 1519 Pompeio
767 1468 863 1504 manu·

54 1519 148 1584 missi,
168 1525 235 1572 tunc
244 1521 272 1570 in
285 1519 412 1572 Caesaris
423 1521 572 1572 adventum
585 1522 756 1574 descendere
768 1529 863 1591 coepe·

54 1594 131 1642 runt.
166 1589 255 1660 Legio
270 1589 337 1642 Xlll
352 1591 484 1658 oppidum
500 1591 650 1644 defendere
665 1595 768 1659 coepit:
789 1607 863 1656 uranu,

54 1675 140 1728 quum
161 1661 217 1712 iam
237 1666 440 1728 repugnarent,
462 1667 555 1712 turres
571 1677 606 1714 ex
622 1667 701 1728 parte
713 1668 863 1715 etmurum
907 1697 910 1702 -

54 1736 235 1797 occuparunt.
271 1729 372 1783 Denuo
393 1730 502 1801 legatos
521 1731 556 1782 ad
572 1734 719 1784 Caesarem
739 1735 864 1798 mittunt,

52 1806 86 1850 ut
101 1801 153 1852 sibi
174 1801 300 1870 legiones
317 1801 441 1853 subsidio
457 1803 666 1854 intromitteret.
702 1803 764 1854 llnc
777 1817 864 1872 quum

54 1871 310 1924 animadverterent
321 1869 446 1924 homines
461 1870 583 1942 fugitivi,
593 1873 725 1940 oppidum
735 1875 864 1926 incende·

55 1955 86 1991 re
99 1947 259 2008 coeperunt.
295 1941 349 2004 Qui
361 1945 484 2010 superati
496 1959 513 1995 a
524 1945 626 1995 nostris
636 1949 703 1994 sunt
712 1943 864 2006 interfecti,

13 2069 14 2082 ἵ
54 2009 199 2062 hominum
210 2012 288 2063 milia
297 2010 385 2075 XXll,
396 2019 589 2081 praeterquam
603 2019 683 2065 extra
693 2030 801 2065 murum
814 2016 864 2082 qui

54 2081 209 2146 perierunt.
245 2082 288 2133 lta
298 2081 400 2135 caesar
410 2085 512 2152 oppido
526 2084 639 2151 potitus.
675 2082 749 2135 Dum
761 2083 806 2136 liic
817 2083 864 2136 de·

54 2151 175 2214 tinctur,
192 2165 227 2203 ex
237 2151 346 2219 proelio
358 2166 428 2220 quos
439 2155 667 2205 circummunitos
679 2154 806 2220 superius
816 2152 863 2204 de-

54 2223 282 2284 monstravimus,
299 2224 474 2288 eruptionem
486 2222 612 2275 lecerunt
623 2229 665 2286 et,
685 2223 864 2275 benemultis
883 2267 887 2274 .

53 2289 220 2352 interfectis,
234 2291 263 2341 in
276 2291 406 2357 oppidum
418 2299 485 2343 sunt
495 2295 610 2345 redacti.

106 2359 220 2413 XXXV.
240 2361 346 2416 Caesus
353 2361 490 2427 Hispalim
507 2379 589 2430 quum
603 2363 807 2426 contendisset,
824 2364 862 2415 le·

53 2430 112 2498 goti
129 2430 309 2497 deprecatum
325 2424 467 2482 venerunt.
503 2434 546 2485 lta
563 2449 646 2503 quum
657 2434 789 2501 oppidum
800 2449 862 2486 sese

51 2500 127 2551 tueri
138 2500 263 2563 dixisset,
285 2500 428 2552 Caninium
447 2502 571 2571 legatum
582 2519 642 2555 cum
664 2505 804 2572 praesidio
820 2506 860 2555 in·

52 2571 201 2621 tramittit:
220 2573 278 2637 ipse
290 2577 384 2622 castra
394 2571 429 2622 ad
442 2573 572 2638 oppidum
584 2575 671 2640 ponit.
706 2577 777 2628 Erat
787 2576 859 2627 bene

51 2654 185 2706 magnum
204 2639 523 2708 intral’ompeianarum
541 2644 661 2711 partium
678 2646 858 2713 praesidium,

53 2710 127 2776 quod
146 2711 273 2762 Caesaris
301 2711 469 2776 praesidium
496 2722 639 2782 receptum
663 2716 859 2784 indignaretur

52 2780 123 2902 clrpm
135 2779 282 2904 quictemdam
294 2779 448 2847 Philonem,
461 2783 552 2850 illum,
569 2787 618 2856 qui
628 2785 856 2854 Pompeianarum

102 2865 148 2902 ur..
181 2865 241 2904 ras.
622 2858 650 2910 ll
