2150 3124
367 226 516 282 alneu
540 223 592 279 lv.
668 233 670 240 '
844 227 881 304 86

71 331 238 388 reficiendae
252 345 300 384 eae
313 331 376 384 uani
392 337 471 393 eunt,
489 335 539 393 et,
551 330 625 399 qued
636 331 764 383 omnibns
774 340 881 386 consta

72 403 132 465 bat,
143 401 299 454 hiemeriio
310 401 402 453 Gallie
412 406 557 468 oportere,
568 399 738 453 frumentum
749 400 809 452 hie*
802 416 830 453 ιιι
840 402 881 486 ln7⁴

71 474 151 524 ciein
164 470 282 526 hiemem
294 485 433 536 provisum
443 485 498 523 non
509 476 579 522 erat
777 489 780 496 ·

123 540 214 592 XXX.
250 540 356 602 Quibus
366 541 590 608 rebuecognitie,
600 507 883 607 principeallritanni·

70 625 192 743 ”oeli
211 609 883 746 llllltltlittninterlinita:

70 764 160 818 quum
172 751 279 816 equites
290 755 319 800 et
329 763 413 802 narce
424 755 454 801 et
462 749 632 800 frumentum
643 749 883 803 Romania-dcem

68 819 271 886 intellegerent
277 824 308 870 et
314 821 483 886 paucitatem
495 818 613 869 militurn
625 833 659 870 ex
664 823 818 872 ceetrnrun
826 821 884 872 exin

69 891 182 957 guitote
191 895 403 956 cognoscerent,
429 903 500 956 quae
510 886 562 940 hoc
573 895 654 940 erant
664 888 747 940 etium
759 891 883 956 angusti:

70 975 140 1022 ora,
158 959 236 1026 quod
249 959 309 1010 cine
320 958 524 1026 impedimentis
539 959 641 1010 Caesar
655 958 884 1025 legiones-trane:

70 1034 251 1096 portaverat,
262 1029 396 1095 optimum
407 1027 484 1080 lactu
493 1042 555 1080 ecce
566 1027 718 1092 duxerunt3
728 1029 886 1082 rebellione

70 1099 164 1159 laeta,
183 1097 324 1151 frumento
339 1102 548 1165 commeatuque
564 1103 676 1149 noatnoe
691 1097 838 1165 prohibere
854 1105 884 1152 et

70 1183 136 1222 rem
153 1169 181 1218 in
194 1166 311 1220 hiemem
322 1167 489 1234 producere,
510 1167 597 1234 quod,
620 1169 813 1234 iineuperetia,
834 1175 884 1219 aut

70 1237 170 1290 reditu
189 1237 362 1300 interclusio,
389 1237 526 1290 neminem
545 1237 643 1302 postea
659 1237 726 1288 belli
745 1237 883 1290 inferendi

71 1321 176 1361 caussa
185 1308 214 1359 in
224 1307 398 1360 Britanniam
409 1307 591 1380 transiturum
602 1305 787 1358 confidebunt.

127 1376 230 1430 XXXI.
265 1378 376 1444 ltaque,
395 1390 492 1427 nunus
503 1374 795 1437 coniurationelacta,
810 1376 886 1442 paul·

71 1447 157 1503 laum
167 1461 202 1499 ex
213 1448 311 1502 menis
320 1445 465 1500 discedere
475 1457 508 1498 aa
517 1460 582 1496 aune
593 1445 664 1496 olam
674 1459 711 1497 ex
719 1448 794 1512 agric
801 1445 886 1497 dedu·

71 1529 141 1570 cere
151 1520 312 1584 coeperunt.
348 1516 383 1568 nt
394 1516 507 1577 Caesar,
517 1516 569 1566 etei
581 1513 703 1565 nondum
715 1526 885 1566 eorumcon-

72 1587 142 1642 ailia
152 1590 333 1653 cognoverat,
342 1591 520 1639 tumenctax
530 1589 630 1636 eventu
638 1584 884 1666 ιιιιίιιιιιιιιιιιιιιιι,

74 1663 106 1710 et
122 1669 223 1718 exeo,
242 1655 316 1722 quod
332 1653 441 1706 obsides
457 1655 525 1706 darc
535 1653 754 1717 intermiserant,
764 1653 835 1706 fore
845 1654 883 1716 id,

75 1725 154 1793 quod
168 1725 283 1788 accidit,
302 1725 519 1791 suspicabatur.
539 1723 637 1790 ltaque
652 1722 886 1776 adomneecasue

75 1794 203 1848 subsidia
223 1795 414 1861 comparebat·
434 1807 498 1844 nam
519 1799 548 1845 et
566 1792 737 1845 frumentum
757 1809 791 1846 ex
810 1796 886 1861 agric

76 1863 231 1933 quotidie
222 1882 252 1915 m
271 1871 363 1917 caetra
378 1861 554 1926 conserebat,
575 1867 618 1926 et,
638 1879 709 1931 quae
723 1865 886 1932 gravissime

76 1933 209 1992 addictae
224 1939 305 1988 eraut
319 1948 416 1994 neven,
436 1947 530 1984 earum
546 1934 665 1984 materia
680 1939 840 2002 atquceere
850 1935 886 1987 ad

75 2004 201 2072 reliquae
220 2003 383 2056 reficiendae
402 2003 546 2066 ntebenn,
567 2008 608 2066 ct,-
623 2018 698 2070 *quae
717 2003 753 2055 ad
773 2019 820 2056 eas
840 2011 887 2056 ret

77 2079 162 2126 arant
172 2074 243 2137 uaui
254 2088 289 2126 ex
298 2073 451 2128 continenti
462 2074 631 2138 comportari
640 2073 762 2126 iubebat
781 2074 889 2141 ltaque,

96 2157 163 2194 uum
179 2142 209 2194 id
223 2158 331 2198 summo
347 2142 450 2194 studio
447 2157 471 2194 ιι
488 2142 622 2194 militibus
631 2142 888 2207 adnmnetraretur

77 2159 227 2266 duodecin
243 2213 359 2265 navibus
371 2211 492 2275 amissit,
511 2211 628 2282 reliquis
638 2213 805 2280 utnavigari
816 2226 888 2262 com·
919 2219 929 2237 ⁰

77 2280 162 2336 raude
173 2287 283 2348 posset,
294 2280 394 2334 effecit
572 2319 574 2327 ι

133 2351 251 2406 XX'llll
287 2351 362 2404 Dum
373 2366 407 2402 ea
416 2356 565 2434 genunium
574 2351 686 2418 legione
698 2365 732 2403 ex
743 2355 890 2402 consuetu·

79 2421 145 2474 dine
164 2435 221 2473 una
231 2419 428 2472 frumentatum
442 2423 541 2483 minsa,
562 2435 633 2488 quoe
644 2419 889 2486 adpellabaturse·
938 2437 944 2444 ·

74 2492 176 2558 ptime,
185 2505 276 2558 neque
290 2490 350 2542 ulla
359 2490 432 2542 ad-id
442 2497 552 2557 teneone
561 2489 629 2541 belli
640 2489 797 2554 suspicione
807 2489 892 2539 inter-

82 2561 191 2627 posita,
203 2575 286 2628 quum
298 2574 362 2627 para
373 2558 512 2612 hominum
523 2563 552 2610 in
563 2560 637 2626 agria
646 2563 892 2624 remaneret,:pare

79 2629 167 2682 etium
177 2631 206 2680 in
217 2635 310 2682 caetra
318 2631 476 2690 ventitaret,
481 2629 511 2692 ii,
519 2631 566 2696 qui
576 2643 627 2696 pro
637 2629 726 2694 portia
736 2633 891 2679 caatrorum

81 2700 111 2750 in
122 2700 245 2752 atatiooe
255 2706 348 2762 crunt,
359 2699 473 2752 Caesari
485 2700 731 2762 renunciaverunt,
750 2697 892 2764 pulverem

82 2769 227 2836 nidorem,
236 2783 320 2840 quum
330 2767 503 2828 coniuctudo
514 2767 611 2834 terret,
620 2769 785 2835 incenante
794 2766 892 2825 videri,
