2152 3144
129 229 161 279 Α.
177 227 294 276 illil'i'll
310 225 361 278 DE
378 225 501 279 BELLO
519 222 790 281 ALEXANDRlNO.
826 229 878 282 3⁷2

83 327 203 383 occario.
244 326 365 396 48-64.
386 327 420 382 ia
441 329 578 399 Hispania
602 327 709 382 Cassius
729 331 881 402 Longinus,

81 399 198 453 avaritia
210 414 311 460 exosas,
328 407 389 449 orta
400 399 598 462 coniuratione,
618 400 664 452 aix
679 401 777 454 eradit.
813 401 880 457 Mo:

80 470 205 522 reditione
214 468 297 538 facta
309 469 345 519 ad
356 465 515 532 Cordubam,
529 468 608 521 relus
618 469 814 523 orireturbatis
821 505 831 534 ,1
846 489 879 526 nr

75 539 209 594 Marcello
219 537 372 606 Lepidoquc
389 547 416 589 ct
430 537 561 591 Trebonio
572 555 599 589 re
609 540 776 604 contraittot,
788 542 879 612 ¹aufu-

75 610 122 679 git
133 617 159 662 ct
170 607 198 660 in
208 606 286 659 Ibero
293 607 377 674 perit.
411 607 532 660 65468.
545 607 662 678 Syriam,
675 607 808 672 Ciliciam,
820 611 880 662 Ari·

74 691 131 743 αυτ,
155 675 352 746 Cappadociam
363 679 504 730 constituit
516 677 634 738 Caesam
651 678 681 730 in
692 679 743 731 ltac
752 678 880 733 Bellonae

79 750 205 816 templum
226 746 367 816 Lycomede?
391 746 521 818 Bitlcpnio
549 747 706 810 adiudicat;
735 747 879 815 Deiotaro,

83 817 290 886 Gallograeciae
300 817 466 882 tetrarchae,
477 818 636 886 Pompeium
645 828 743 882 secato,
753 818 897 889 ignoscit.

79 889 114 940 oe
122 915 148 924 --
157 887 199 939 78.
213 886 386 950 Pharnacen,
408 889 493 941 dolore
510 897 644 957 agentem,
663 889 744 940 celeri
763 889 879 944 victoria

74 966 191 1025 -ruperot
196 975 208 1018 ,·
225 957 345 1009 Pontum
354 957 452 1026 recipit
458 975 469 1019 ,·
480 955 671 1020 Mithridaten,
682 959 880 1029 Pergamenum

73 1043 180 1097 ,regern
190 1025 306 1093 Bospori
317 1035 344 1078 ct
358 1027 598 1098 Gallograecorum
609 1029 774 1082 tetrarcham
784 1031 881 1084 coaon-

75 1101 144 1156 *cain
178 1095 510 1150 initaliamoalitoalit.
758 1119 761 1124 ·

71 1273 76 1348 ἶ
114 1281 882 1382 1.Beuoelexandrinoconflato‚CaesarRh0doatqu·

81 1403 115 1441 en
128 1387 212 1454 Syria
228 1387 376 1453 Ciliciaque
391 1399 501 1435 omnem
521 1384 637 1435 classem
651 1386 781 1446 arcessit;
800 1386 883 1451 Creta

72 1458 254 1526 sagittarios,
272 1457 381 1524 equites
400 1455 434 1506 ab
454 1469 523 1522 rege
542 1453 751 1505 Nabataeorum
770 1453 881 1509 Malcho

79 1532 193 1590 oroeat3
220 1531 361 1576 tormenta
379 1523 500 1590 undique
520 1522 644 1590 conquiri
665 1529 694 1574 et
713 1523 883 1576 frumentum

78 1598 155 1649 mitti
167 1595 322 1663 auxiliaque
344 1593 443 1645 adduci
463 1592 550 1644 iubet.
578 1593 702 1644 interim
713 1593 883 1646 munitiones

71 1666 206 1734 quotidie
217 1665 347 1732 operibus
359 1668 498 1730 augentur
508 1667 593 1730 atque
603 1677 699 1713 omnes
714 1663 807 1729 oppidi
821 1679 882 1730 par·

72 1747 135 1801 ¹tes,
146 1750 218 1804 quae
229 1736 319 1786 minus
328 1733 427 1785 firmae
437 1747 499 1785 esse
509 1732 680 1794 siderentur,
695 1733 883 1785 testudinibus

71 1821 115 1863 aa
134 1805 267 1857 musculis
288 1809 433 1870 aptantur:
453 1817 487 1854 ex
498 1802 631 1854 aediliciis
641 1808 734 1854 autem
748 1817 798 1869 per
809 1801 882 1854 fora·

72 1878 158 1929 noina
166 1878 197 1926 in
207 1875 335 1943 proxima
345 1873 471 1925 aedilicia
481 1873 584 1924 arietes
595 1873 884 1940 immittuntur,quan·

72 1951 194 2014 tumque
214 1949 262 1996 aut
272 1944 361 1995 ruinis
383 1944 526 2006 dciieitur,
546 1947 594 1993 aut
612 1957 663 2008 per
678 1944 732 1994 vim
747 1943 884 2010 recipitur

73 2015 146 2079 loci,
167 2017 197 2066 in
217 2019 325 2066 tanturn
345 2013 514 2064 munitiones
532 2012 720 2078 proferuntur.
756 2011 826 2064 Nam
840 2014 882 2064 in·

80 2085 181 2138 cendio
193 2083 252 2138 iere
263 2089 324 2134 tuta
334 2089 378 2134 est
387 2083 563 2144 Alexandria,
584 2082 656 2150 quod
667 2081 728 2134 sine
739 2085 881 2149 contigna-

78 2158 158 2207 tione
179 2167 211 2204 ao
231 2154 350 2205 materia
370 2158 436 2203 sunt
455 2151 582 2202 aedilicia
592 2157 620 2202 et
629 2152 778 2202 structuris
800 2158 882 2220 atquo

73 2223 234 2278 ¹fornicibus
249 2223 427 2273 continentur
442 2225 570 2286 tectaque
581 2225 647 2271 sunt
661 2219 764 2271 rudere
776 2225 825 2270 aut
836 2235 882 2286 pa·

74 2293 221 2345 ¹vimentis.
257 2293 360 2343 Caesar
369 2289 490 2340 niaxime
502 2288 639 2352 studebat,
654 2295 692 2350 ut,
704 2303 785 2357 quarn
797 2303 878 2356 angu-

74 2365 232 2416 stissimam
252 2364 360 2428 partem
377 2357 472 2425 oppidi
490 2357 571 2423 palus
582 2357 724 2410 ameridie
735 2359 883 2412 interiecta

74 2433 234 2494 efficiebat,
256 2429 327 2481 hanc
342 2429 471 2497 operibus
485 2428 628 2495 vineisque
643 2427 758 2494 agendis
769 2427 804 2478 ab
820 2429 883 2478 reli-

74 2519 137 2573 qua
148 2507 228 2570 parte
237 2500 313 2552 nrbis
324 2497 497 2551 excluderet:
516 2495 587 2548 illud
596 2499 734 2563 speirano,
753 2493 883 2563 primam,

78 2580 121 2637 ut,
132 2587 216 2641 quum
227 2575 301 2622 esset
314 2569 343 2620 in
356 2569 424 2619 duas
439 2573 533 2633 partes
545 2566 610 2617 urbs
621 2567 721 2629 divisa,
743 2568 816 2618 acies
827 2582 883 2618 uno

80 2642 200 2696 consilio
211 2646 293 2708 atque
309 2638 424 2705 irnperio
440 2636 698 2700 administraretor3
716 2637 832 2699 deinde,
851 2642 884 2686 nt

78 2712 274 2766 laborantibus
294 2709 417 2760 suoeurri
437 2711 519 2774 atque
535 2706 672 2758 etaltera
693 2707 786 2773 oppidi
804 2712 883 2774 porte

80 2784 218 2840 auxilium
230 2780 299 2834 ferri
308 2785 420 2850 posset3
438 2778 573 2847 inprimis
584 2791 661 2844 roro,
676 2783 708 2830 ut
718 2791 790 2846 aqua
799 2777 882 2846 pabu-
