2124 3154
170 182 223 237 em
379 183 408 236 c.
431 181 538 236 iuml
561 181 765 252 censeam

152 275 155 287 ¹
171 294 200 340 et
209 287 273 339 illos
283 287 335 338 oui.
364 286 408 336 'l'u
420 279 504 337 velim
516 285 584 340 mihi
594 287 629 340 ad
639 289 736 340 urbem
748 293 860 354 praesto
872 289 924 350 oio,
940 295 971 338 ot

169 359 227 409 tuis
238 357 361 409 consiliis
372 361 456 423 atque
468 357 575 422 opibus,
594 363 626 408 ut
642 359 784 420 consuevi,
804 357 833 409 in
844 358 973 409 omnibus

170 427 255 480 rebus
268 432 341 477 utar.
379 425 526 478 Dolabella
542 432 591 477 tuo
608 424 678 477 nihil
692 427 763 478 scito
779 426 847 478 mihi
859 441 922 478 esse
932 427 972 476 iu·

171 497 298 548 condius.
333 493 404 545 hanc
414 495 485 546 adeo
499 495 587 547 habeo
599 497 718 562 gratiam
729 495 784 559 illi3
797 497 972 563 nequeenim
1035 457 1037 540 d

171 566 256 618 aliter
268 565 360 616 locere
371 565 472 630 potuit:
491 567 643 618 tantocius
655 564 820 627 humanitas,
831 567 855 616 is
866 580 974 626 sensus,
1037 552 1038 632 l

172 633 577 687 eainmeostbenevolentia.
614 635 694 688 Vale.
728 631 976 686 decempedae
1038 642 1039 722 p

171 704 307 772 Atticep.
321 701 360 753 ld.
395 700 544 768 Reperitnr
555 701 636 754 etiam
647 703 721 771 apud
728 702 781 756 lul.
795 700 899 756 Celsum
906 719 975 774 pag.
1039 733 1040 806 p

172 774 233 828 185.
246 773 303 825 188.
313 772 377 825 edit.
389 770 474 823 Βοιαὶ.

330 840 432 893 Caesar
441 839 510 910 Imp.
526 838 651 893 Ciceroni
659 839 728 909 Imp.
740 839 769 892 S.
780 838 818 892 D.
1040 823 1041 886 d

233 913 294 964 Etsi
304 917 332 963 te
344 911 414 963 niihil
424 917 539 974 temere,
555 909 825 977 nihilimprudenter
835 909 978 963 facturum
1041 913 1042 978 l

173 984 325 1036 iudicaram
336 998 344 1046 3
361 987 452 1032 tamen
464 987 605 1047 permotus
618 979 758 1032 hominum
770 981 844 1032 fama
855 981 981 1032 serilren·
1042 1006 1043 1056 p

174 1055 240 1104 dum
253 1051 288 1102 ad
300 1058 328 1102 te
339 1053 505 1114 existimari,
517 1058 544 1102 ct
554 1067 604 1118 pro
614 1057 710 1102 nostra
721 1050 917 1103 benevolentia
929 1065 978 1116 pe·
1043 1095 1044 1108 ,

174 1123 300 1181 tendum,
320 1135 355 1170 ne
374 1135 429 1188 quo
445 1120 666 1188 progredereris,
684 1121 840 1188 proclinata
854 1122 911 1171 iam
934 1136 980 1184 re,

174 1207 245 1261 quo,
264 1191 375 1258 integra
385 1192 482 1253 atiani,
502 1190 739 1259 progrediendum
750 1191 802 1242 tibi
813 1205 867 1241 uon
882 1190 980 1242 existi·
1044 1186 1045 1198 ¹

175 1275 290 1315 mansee.
326 1275 443 1327 namque
466 1265 494 1312 et
513 1261 652 1311 amicitiae
667 1263 825 1329 graviorem
844 1261 979 1313 iniuriam
1045 1289 1046 1292 =

174 1331 291 1395 fecerim
310 1335 339 1381 et
348 1331 401 1382 tibi
412 1331 504 1382 mirmo
519 1329 663 1382 commode
674 1330 864 1392 consulueris,
884 1331 909 1380 si
921 1344 979 1380 non
1046 1368 1047 1384 2

175 1402 307 1454 fortunae
319 1402 468 1452 obsecutus
478 1399 619 1460 ridebere,
630 1401 737 1462 (onrrria
747 1399 822 1451 enim
834 1400 979 1452 secundis·

175 1473 246 1524 rima
266 1472 359 1532 nobis,
377 1469 572 1521 adversissimae
590 1469 648 1520 illis
668 1469 803 1521 accidisse
822 1467 978 1530 videntum
1047 1458 1048 1478 ¹

174 1557 227 1594 nco
239 1555 349 1592 causam
359 1546 478 1602 secutus,
496 1540 602 1603 (eadem
619 1539 692 1590 enim
703 1544 762 1589 tum
778 1538 846 1601 fuit,
868 1547 930 1589 c'um
941 1540 979 1598 ab
1048 1548 1049 1572 l

176 1625 274 1664 eornm
285 1610 410 1661 consiliis
422 1611 519 1662 abesse
533 1608 682 1671 iudicasti)
700 1608 751 1660 sed
761 1623 851 1661 meum
863 1609 980 1674 aliquod

175 1680 281 1732 factum
293 1679 536 1731 condemnavisse:
555 1694 609 1747 quo
627 1678 693 1730 mihi
707 1680 821 1746 gravius
836 1679 925 1730 ubete
938 1678 980 1730 nil

175 1747 304 1800 accidere
320 1753 422 1816 potent.
459 1749 583 1817 quodne
599 1747 697 1812 faciae,
718 1761 769 1816 pro
786 1749 849 1800 iure
860 1753 980 1801 nostrae

175 1818 316 1870 amicitiae
337 1833 354 1868 a
367 1821 395 1868 tc
411 1823 486 1884 peto.
522 1817 680 1882 Postremo,
701 1819 766 1886 quid
780 1819 931 1870 virobono
947 1824 980 1869 et

174 1885 283 1956 quicto,
304 1892 333 1936 et
343 1886 417 1937 bono
429 1887 483 1938 ciri
494 1888 581 1954 magis
593 1888 734 1950 convenit,
755 1903 837 1956 quam
849 1889 948 1939 abesse
958 1902 979 1939 a

171 1955 302 2026 'civilibus
318 1955 535 2008 controversiiei
571 1957 644 2024 qued
660 1958 788 2022 nonnulli
803 1973 864 2009 cum
874 1957 978 2026 proba·

174 2031 249 2091 rent,
269 2025 381 2094 periculi
391 2040 474 2077 causa
484 2027 561 2092 aequi
572 2042 627 2078 uon
640 2032 801 2094 potuerunt.
830 2033 869 2090 to,
880 2026 978 2093 explo-

174 2103 238 2150 rato
251 2102 279 2149 et
290 2098 363 2147 vitae
379 2111 458 2147 nicae
473 2097 649 2160 testimonio,
669 2102 697 2149 et
711 2096 851 2148 amicitiae
862 2095 979 2160 iudicio,

175 2183 266 2236 neque
282 2169 385 2229 tutius,
408 2181 496 2233 neque
513 2163 656 2218 honestius
672 2169 797 2234 reperies
814 2165 978 2235 quidquam,

176 2253 258 2305 quam
274 2237 312 2288 ab
325 2237 402 2288 omni
416 2239 595 2292 contentione
611 2238 718 2290 abesse.
753 2237 819 2290 xvi
830 2236 894 2288 Kal.
905 2236 978 2288 Mei.

175 2323 211 2361 ex
219 2309 329 2359 itinere.
347 2305 394 2358 Ex
405 2303 461 2358 cic.
472 2305 516 2358 lib.
531 2305 562 2357 10
571 2305 702 2358 additio.
714 2323 754 2375 ep.
765 2306 791 2358 8.

235 2377 274 2427 Μ.
286 2376 406 2438 Orlium,
427 2391 510 2444 quern
525 2375 593 2428 mihi
608 2376 797 2439 commendas,
818 2375 863 2428 vel
875 2389 978 2444 regern

174 2446 283 2497 Galliae
295 2445 405 2508 faciam,
421 2447 465 2498 vel
475 2445 548 2498 hunc
558 2447 665 2514 Leptae
676 2446 783 2512 delega-
794 2445 818 2508 *)
838 2445 868 2497 Si
877 2447 921 2497 vio
931 2452 978 2508 tu,

173 2515 208 2564 ed
219 2530 263 2565 me
274 2514 357 2564 alium
370 2515 463 2578 mitte,
483 2531 565 2583 quem
582 2532 690 2572 ornem.
724 2513 771 2570 Ex
784 2513 840 2568 Cic.
851 2513 898 2566 lid.
909 2515 926 2566 7
939 2515 981 2568 ad

170 2579 250 2634 Fam.
261 2581 337 2648 epist.
348 2579 411 2633 dod
422 2581 499 2636 Caes.

196 2694 214 2736 ¹)
230 2694 412 2748 lu'l'urnebhdlii
425 2697 514 2734 molunt:
532 2699 564 2737 vel
573 2701 650 2749 Lepino
662 2701 767 2752 delegot05
783 2700 820 2742 ilii
836 2701 870 2740 vel
882 2701 976 2750 Loplido

217 2739 316 2784 legetunrq
332 2741 368 2776 elil
379 2741 411 2778 vel
420 2743 500 2791 Lepino
507 2743 604 2792 Ingnium.
628 2787 630 2792 ¹
