2124 3154
183 233 238 292 5³⁰
402 233 432 286 G.
449 231 559 287 loun
579 232 782 289 CAESARIS

205 349 212 364 ·
237 337 293 392 Sed
308 352 403 408 perge,
421 337 565 405 Pomponi,
586 339 621 392 de
632 341 761 404 camare,
782 344 812 390 et
822 337 908 390 redde
920 353 997 407 quaa

182 414 303 463 restant.
339 406 435 460 Solum
447 408 568 476 quidem,
586 411 680 478 inquit
691 411 749 473 illc,
763 412 794 460 et
804 412 883 476 quasi
894 408 998 461 funda·

183 485 309 531 mentum
322 480 444 530 oratoris
455 484 509 529 etc.
546 479 649 531 Cacsar
660 485 754 530 autem
765 480 904 529 rationem
915 478 997 533 adhi-

183 551 267 613 bens,
287 549 515 601 consuetudinem
529 549 658 600 vitiosam
669 555 700 600 et
714 553 872 614 corruptam
884 563 959 615 pura
970 555 1000 600 et

183 621 349 685 incorrupta
367 617 570 670 cousuetudine
591 619 731 670 emendat.
766 619 863 685 ltaque
880 633 948 670 cum
963 619 1000 670 ad

184 687 257 741 hauc
267 688 436 756 elegantiam
446 687 594 741 verborum
605 689 772 740 latinorum
786 690 879 756 (quae,
895 690 1000 740 etiam-

184 759 211 811 si
221 763 317 810 orator
328 773 384 809 non
395 759 448 820 sis,
470 764 499 809 et
509 760 549 808 sis
559 759 697 825 ingenuus
707 760 775 810 civis
784 755 939 820 Romanus,
959 765 1000 809 ta·

185 843 249 880 meu
261 831 422 879 necessaria
432 831 486 889 est)
499 827 625 896 adiungit
634 827 678 878 illi
689 828 816 881 oratoria
827 835 1000 880 ornamenta

186 897 308 950 dicendi:
327 903 386 947 tum
406 898 518 948 videtur
537 902 585 947 tau
606 913 671 950 uam
691 898 802 950 misulas
816 897 889 948 beue
905 900 1000 962 pictas

185 965 324 1019 collocare
335 967 363 1016 in
374 967 448 1018 bono
460 967 573 1017 lumine.
588 913 664 1020 tanc
682 982 745 1019 cum
765 966 867 1018 habeat
886 970 1000 1034 praeci·

185 1051 269 1104 poam
278 1035 390 1086 laudem
401 1038 430 1086 in
440 1038 645 1100 communibus,
666 1053 722 1090 non
733 1038 822 1100 video,
834 1037 878 1088 cui
890 1036 1000 1088 debeat

186 1105 294 1158 cedere.
313 1105 487 1172 splendidam
498 1107 637 1173 quandam
643 1145 653 1171 ,
672 1089 842 1174 minimeque
852 1112 999 1158 veterato·

184 1177 257 1228 riam
267 1177 406 1228 rationem
417 1176 528 1227 dicendi
537 1180 625 1241 tenet,
645 1193 723 1241 voce,
742 1183 831 1240 motu,
850 1174 946 1227 forma
957 1182 998 1227 et·

183 1250 239 1300 iam
251 1246 399 1313 magnifica
411 1253 441 1296 et
450 1260 589 1314 generosa
600 1246 815 1316 quodammodo.
837 1245 911 1296 Tum
922 1245 997 1297 Bru·

141 1335 150 1358 ι
184 1323 239 1380 tus,
261 1317 411 1368 Orationes
433 1316 545 1384 quidem
562 1317 621 1368 eius
633 1323 685 1370 etc.
720 1318 812 1383 mque
824 1315 908 1366 etiam
920 1330 996 1366 com·

183 1387 335 1438 mentarios
347 1386 480 1453 quosdam
493 1386 606 1452 scripsit
615 1402 710 1438 rerum
721 1399 835 1437 suarum
844 1384 924 1436 valde
936 1387 995 1452 qui·
1049 1409 1051 1416 v

184 1456 258 1520 dem,
269 1457 396 1523 inquam,
414 1456 582 1522 probandos.
606 1457 673 1507 nudi
684 1457 758 1508 enim
770 1460 844 1518 sunt,
861 1455 945 1519 recti,
964 1459 994 1524 et

183 1526 306 1589 venusti,
329 1526 405 1577 omni
416 1534 516 1578 ornatu
528 1528 674 1590 orationis,
694 1531 827 1593 tanquam
837 1529 925 1586 veste,
948 1523 992 1575 de·
1049 1583 1050 1594 γ

184 1602 285 1649 tracto
313 1598 365 1649 sed
376 1596 441 1648 dum
452 1596 540 1649 voluit
550 1595 621 1648 alios
637 1595 740 1648 habere
753 1593 938 1663 parataunde
949 1609 993 1645 su·

184 1670 308 1728 merent,
330 1667 376 1736 qui
386 1667 491 1719 vellent
502 1667 624 1718 scribere
634 1665 796 1728 historiam
814 1663 918 1730 ineptis
930 1678 993 1732 gra·

184 1742 244 1787 tum
260 1737 381 1787 fortasse
395 1735 476 1800 fecit,
498 1738 545 1804 qni
558 1736 654 1787 volent
666 1736 716 1786 illa
725 1735 890 1787 calamistris
900 1736 993 1784 inure-
1047 1745 1049 1758 ‘

184 1820 229 1856 ret
247 1820 330 1856 sanos
341 1806 451 1874 quidem
462 1805 591 1858 homines
601 1805 775 1860 ascribendo
786 1804 926 1857 deterruit
937 1809 991 1857 ete.
1046 1867 1047 1870 Ἴ

184 1874 231 1929 Ex
243 1871 299 1924 Cic.
310 1873 340 1926 in
348 1873 437 1927 Bruto
448 1891 506 1943 cop.
516 1874 559 1928 ⁷5.

228 1942 303 2006 Quid
313 1943 483 1996 (iratorum‘l
493 1961 576 2012 quem
586 1945 652 2000 huic
662 1950 815 2014 antepones
826 1957 935 2008 corum,
945 1945 1001 2011 qui

183 2013 254 2066 nihil
269 2013 344 2064 aliud
361 2013 497 2082 egerenti
516 2018 577 2084 quis
589 2018 736 2068 sententiis
747 2021 796 2069 aut
809 2015 927 2076 acutior,
944 2019 994 2064 aut

185 2083 327 2137 crebriori
347 2085 409 2151 quis
423 2086 513 2137 verbis
527 2093 577 2138 aut
590 2087 732 2150 ornatior,
752 2093 802 2138 aut
815 2083 994 2154 elegantiori

182 2153 232 2209 Er
244 2151 301 2206 cic.
310 2155 348 2206 all
357 2151 419 2207 Cor.
432 2153 530 2223 Nepet.
540 2173 584 2223 ap.
597 2155 672 2208 Soet.
683 2156 713 2208 in
724 2154 801 2209 Caes.
811 2170 870 2222 cap.
881 2151 937 2206 55„

236 2223 291 2278 Sed
305 2225 379 2277 bene
393 2225 526 2292 loquendi
539 2227 574 2278 de
586 2227 693 2279 Catulis
709 2227 803 2294 opinio
817 2240 873 2276 non
885 2225 994 2287 minor;

184 2294 321 2430 dalghecw
334 2300 371 2416 οξ
373 2295 484 2349 facetiis
495 2298 599 2350 Caesar
610 2297 675 2351 vicit
686 2311 791 2350 omnes.
817 2294 865 2348 Ex
876 2291 935 2345 Cic.
946 2293 994 2346 lib.

202 2381 215 2417 c
303 2383 343 2418 .c.
372 2367 396 2417 7.
448 2389 456 2406 ¹
919 2387 921 2393 ·

236 2433 360 2503 Reliquit
376 2441 405 2489 ct
415 2451 508 2490 rerum
520 2453 634 2490 suarum
645 2436 869 2490 Commentarios
880 2431 994 2496 Gallici,

184 2504 330 2571 civilisque
339 2505 406 2556 belli
418 2507 588 2575 Pompeiani.
616 2523 680 2560 nam
691 2505 882 2566 Alexandrini,
892 2502 995 2556 Africi·

186 2586 241 2688 gne
257 2578 287 2624 et
300 2573 496 2639 Hispaniensis
518 2579 642 2629 incertus
664 2580 829 2629 auctorest.
850 2574 900 2625 elii
917 2574 995 2625 enim

213 2641 306 2703 ppium
318 2647 427 2705 putant,
437 2645 488 2695 alii
499 2646 635 2697 Hirtium:
656 2647 705 2715 qui
716 2646 801 2698 etiam
814 2643 913 2696 Gallici
924 2643 995 2695 belli

185 2708 383 2771 novissimum,
414 2713 664 2781 imperfectumque
690 2715 791 2766 librum
812 2714 994 2782 suppleverit.

185 2770 275 2823 Paulo
281 2783 359 2842 port.-
376 2777 467 2832 Pollio
477 2782 589 2836 Asinius
600 2797 699 2851 purum
710 2783 870 2852 diligenter,
881 2797 981 2851 perum
