2150 3124
384 175 534 230 ainau
568 177 603 230 11.
860 173 898 230 iti

87 279 187 332 tudine
201 274 342 332 bominum
359 283 426 330 totis
441 283 600 345 moenibus,
619 282 742 350 undique
750 281 856 348 lapides
865 281 896 334 in

87 365 201 402 murum
217 351 270 402 iaci
286 352 376 416 coepti
386 356 463 413 suut,
483 363 633 420 murusque
643 351 835 403 defensoribus
846 369 898 403 no·

88 421 172 472 datiis
183 426 238 483 cst,
252 419 390 472 testudine
400 419 474 471 facta
482 428 577 487 portas
588 420 753 482 succedunt,
774 437 897 472 moruer-

89 505 144 558 que
159 490 306 540 subruunt.
341 489 423 551 Quod
436 495 496 540 tum
507 489 589 542 facile
600 491 693 541 tiebat.
728 487 798 542 Nan}
809 504 895 558 quum

87 564 172 610 tanta
187 559 335 610 multitudo
350 558 455 626 lapides
465 573 497 610 ac
507 561 566 611 tela
574 561 756 622 coniicereut,
775 561 803 610 in
814 573 896 611 muro

89 628 260 680 consistendi
280 635 402 696 potestas
419 634 481 679 erat
494 629 574 680 nulli.
610 629 701 692 Quum
716 632 798 681 linem
809 645 896 696 oppu-

89 698 193 766 gnandi
206 713 261 748 alix
272 697 393 760 fecisset,
403 700 492 750 Iccius
502 699 620 761 llcmus,
633 713 741 750 summa
749 699 897 751 nobilitate

89 773 119 820 et
133 769 224 834 gratia
237 769 309 819 inter
323 783 400 828 suris,
421 770 468 834 qni
484 775 543 818 turn
556 769 656 836 oppido
666 775 805 836 praeerat,
824 781 898 819 onus

91 839 184 900 exiis,
194 840 239 904 qui
250 835 336 904 legati
347 837 380 888 de
391 853 458 905 pace
469 838 504 889 ad
515 839 661 890 Caesarem
673 845 819 900 venerant,
830 851 898 888 nun*

90 910 150 959 cios
165 907 201 957 acl
217 923 279 958 cum
297 908 396 969 mittit,
415 909 467 957 nisi
481 909 634 959 subsidium
645 909 697 959 sibi
706 909 897 970 submittatur,

90 992 153 1030 sese
163 977 266 1027 diutius
275 977 413 1028 sustinere
423 992 479 1026 non
489 991 577 1042 posse.

146 1046 204 1098 Vll.
240 1047 281 1096 Eo
298 1045 524 1098 demedianocte
536 1049 649 1110 caesar,
670 1047 767 1098 iisdem
779 1046 897 1098 ducibus

92 1129 172 1178 usus,
182 1116 227 1183 qui
238 1117 331 1166 nuncii
341 1117 374 1167 ab
384 1117 455 1166 lccio
466 1123 605 1179 venerant,
615 1116 748 1168 Numidas
759 1122 788 1167 et
798 1117 897 1167 cretos

91 1186 249 1254 sagittarios
265 1188 295 1236 et
308 1177 463 1237 funditores
474 1185 607 1238 Baleares
621 1187 742 1238 subsidio
752 1185 898 1252 oppidanis

91 1257 191 1306 mittit:
221 1269 338 1322 quorum
358 1255 478 1307 adventu
495 1259 523 1308 et
533 1258 639 1318 Remis,
659 1273 720 1307 cum
738 1269 787 1321 spe
804 1253 897 1306 defen·

91 1325 190 1386 sionis,
205 1324 326 1376 studium
337 1325 527 1392 propugnandi
538 1327 665 1388 accessit,
680 1331 708 1376 et
717 1324 842 1375 hostibus
853 1337 898 1373 ca·

92 1393 154 1446 dem
166 1395 201 1445 de
210 1409 308 1445 caussa
319 1409 381 1460 spes
392 1395 516 1460 potiundi
528 1396 619 1461 oppidi
631 1395 765 1446 discessit.
791 1393 897 1460 ltaque,

92 1463 242 1530 paullisper
251 1463 323 1529 apud
334 1464 463 1530 oppidum
476 1467 591 1526 morati,
602 1477 738 1530 agrosque
747 1462 898 1512 Remorum

93 1531 267 1600 depopulati,
293 1535 418 1585 omnihus
432 1535 497 1585 vicis
512 1533 713 1600 aedificiisque,
736 1547 805 1598 quos
819 1530 898 1582 adiro

93 1607 237 1670 poterant,
250 1603 381 1665 incensis,
391 1603 426 1654 od
436 1608 527 1654 castra
538 1604 663 1654 Caesaris
673 1601 799 1653 omnibns
809 1601 898 1664 copiis

92 1671 294 1724 contenderunt
313 1677 342 1724 et
356 1673 390 1725 ab
404 1672 515 1724 milibus
529 1687 658 1740 passuum
669 1673 759 1721 minus
770 1671 793 1720 ll
806 1675 898 1720 castra

93 1745 256 1809 posuerunt,
275 1756 346 1808 quac
357 1747 463 1806 eastra,
473 1748 504 1793 ut
514 1741 589 1793 fumo
601 1747 684 1809 atque
695 1741 803 1807 ignibus
814 1741 898 1807 signi-

92 1813 240 1873 licabatur,
259 1812 377 1878 amplius
393 1813 503 1863 milibus
517 1827 648 1879 passuum
664 1810 725 1862 Vlll
735 1812 763 1860 in
774 1809 896 1860 latitudi-

93 1897 155 1933 nem
165 1881 304 1947 patebant.
896 1893 899 1903 ¹

144 1950 218 2002 Vlll.
256 1951 358 2002 Caesar
377 1953 478 2015 primo,
509 1954 537 2001 et
555 1955 670 2016 propter
689 1949 897 2000 multitudinem

94 2019 228 2082 hostium,
257 2025 287 2070 et
312 2026 426 2086 proptor
449 2021 578 2071 eximiam
603 2022 758 2085 opinionem
777 2020 899 2081 virtutis,

94 2090 199 2157 proelio
209 2089 389 2154 supersedere
400 2091 512 2153 statuit3
528 2091 651 2156 quotidie
660 2095 754 2140 tamen
764 2089 899 2156 equestri·

93 2161 145 2211 bus
155 2158 285 2226 proeliis,
304 2159 370 2225 quid
381 2158 469 2208 bostis
478 2161 580 2210 virtute
589 2165 682 2224 posset
693 2163 721 2210 et
731 2159 797 2224 quid
809 2158 898 2208 nostri

94 2228 241 2290 auderent,
255 2228 471 2294 periclitabatur.
506 2229 560 2281 Vbi
572 2234 681 2280 nostros
691 2241 747 2277 non
758 2241 819 2277 esse
830 2224 900 2276 inlc-

93 2301 183 2350 riores
195 2298 347 2360 intellexit,
362 2297 425 2348 loco
436 2311 486 2364 pro
497 2299 609 2360 castris,
620 2299 654 2348 ad
666 2298 751 2348 aciem
761 2298 899 2344 instruen-

93 2367 157 2419 dam
172 2373 275 2418 natura
285 2372 441 2434 opportuno
451 2370 533 2434 atque
544 2367 658 2429 idoneo,
678 2365 763 2432 (quod
775 2366 798 2414 is
810 2362 898 2425 collis,

92 2439 140 2488 ubi
151 2443 241 2488 castra
251 2438 342 2502 posita
350 2441 443 2498 erant,
462 2436 617 2502 paullulum
629 2447 663 2486 ex
675 2434 788 2500 planitie
798 2432 900 2494 editus,

55 2513 63 2534 ⁸
93 2511 202 2558 tantum
213 2507 346 2558 adversus
355 2507 382 2556 iu
392 2505 564 2557 latitudinem
576 2506 697 2572 patebat,
703 2506 836 2571 quantum
846 2501 899 2550 looi

92 2579 166 2628 acies
187 2579 323 2626 instructa
342 2589 478 2641 occupare
493 2580 616 2641 poterat,
635 2580 718 2640 atque
734 2576 899 2638 exutusque

93 2650 174 2713 parte
187 2646 284 2696 lateris
300 2645 423 2696 deiectos
439 2643 557 2695 babebat
571 2651 598 2696 et
614 2643 732 2694 frontem
750 2641 850 2692 lonitcr
860 2639 900 2692 sm

93 2716 212 2784 stipatus
226 2713 374 2783 paullatim
389 2715 424 2766 ad
440 2713 583 2780 planitiem
598 2713 715 2775 redibat)
729 2713 763 2764 ab
779 2715 899 2779 unoque
