2152 3144
146 145 223 226 aaa
381 144 746 232 superuenerunt

170 252 273 314 mallet,
284 265 365 319 quarn
376 252 480 302 socium
492 243 618 302 Caesaris
627 251 654 302 in
665 251 751 302 rebus
760 251 891 316 adversis,
912 267 974 304 orn·

171 338 234 374 nem
250 337 284 372 ex
300 321 375 388 agris
391 319 595 372 multitudinem
610 335 753 382 servorum
768 338 801 373 ae
817 322 972 374 liberorum

170 394 199 442 in
211 391 340 458 oppidum
352 391 427 458 cogit
443 397 590 457 portasque
606 390 762 457 praecludit
776 397 805 442 et
820 392 855 442 ad
866 391 974 458 Scipio·

170 477 232 514 nem
248 461 464 530 Pompeiumque
481 461 597 512 nunccios
613 461 712 523 mittit,
732 468 764 512 ut
779 462 831 511 sibi
846 461 973 513 subsidio

171 534 294 594 veniant3
316 545 346 581 se
358 530 498 582 conlidere
511 529 709 582 munitionibus
721 531 822 598 oppidi,
842 533 865 581 si
877 531 974 584 celeri·

171 607 215 654 ter
230 607 419 652 succurratur:
446 599 625 668 longinquam
641 601 876 668 oppugnationem
887 603 975 652 'susti-

171 686 238 724 nere
259 686 315 722 non
337 684 428 736 posse.
465 668 571 736 Scipio,
601 670 725 721 discessu
745 673 915 721 exercituum
939 671 975 722 ab

171 737 349 807 Dyrrhachio
365 740 494 806 cognito,
515 741 653 790 larissam
665 739 790 807 legiones
805 741 974 792 adduxerat:

152 855 158 873 ,
171 810 319 878 Pompeius
330 809 451 859 nondum
463 807 624 860 Thessaliae
636 808 886 878 adpropinquabat.
906 813 975 862 Cae·

170 896 227 941 sar,
249 880 347 930 castris
358 879 481 939 nrunitis,
503 878 591 929 scalas
602 879 795 947 musculosque
806 879 842 930 ad
852 880 976 946 repenti·

171 965 235 1002 nam
245 948 479 1016 oppugnationem
490 947 552 999 fieri
564 954 591 999 et
602 953 693 1000 crates
699 952 792 1016 parari
804 951 892 1001 iussit.
910 951 974 1012 Qui·

171 1019 222 1072 bus
233 1017 316 1068 rebus
332 1015 447 1078 effectis,
467 1016 631 1068 cohortatus
647 1019 749 1070 milites
766 1020 867 1081 docuit,
889 1035 974 1086 quan-

171 1095 230 1140 tum
246 1103 325 1138 usum
344 1085 462 1138 haberet
477 1087 512 1137 ad
526 1087 723 1139 sublevandam
740 1091 861 1140 omnium
876 1103 974 1142 ,rerum

169 1159 306 1224 inopiam,
326 1159 410 1224 potiri
422 1157 522 1224 oppido
535 1157 619 1225 pleno
630 1163 713 1226 atque
725 1159 870 1226 opulent03
890 1159 975 1210 simul

169 1227 285 1296 reliquis
296 1227 453 1278 civitatibus
468 1225 551 1278 huius
567 1227 643 1278 urbis
659 1230 786 1296 exemplo
803 1229 907 1280 inferre
918 1235 974 1298 ter-

169 1313 277 1362 rorem3
298 1303 327 1348 et
336 1297 364 1348 id
378 1296 442 1348 fieri
457 1297 599 1359 celeriter,
621 1300 781 1369 priusquam
796 1298 901 1350 auxilia
911 1313 975 1350 enn-

171 1373 325 1432 currerent.
362 1368 467 1436 ltaque,
487 1383 553 1418 usus
573 1369 710 1436 singulari
730 1369 849 1420 militum
870 1369 974 1432 studio,

171 1437 278 1501 eodem,
289 1452 344 1505 quo
355 1442 480 1500 uenerat,
492 1437 536 1489 die
548 1444 610 1504 post
620 1435 718 1490 horam
730 1455 833 1501 urinam
843 1439 973 1504 oppidum

170 1509 314 1562 altissimis
325 1508 469 1559 moenibus
480 1523 640 1575 oppugnare
651 1509 810 1576 adgressus,
830 1514 894 1559 ante
904 1507 973 1558 solis

171 1593 299 1632 occasum
311 1578 481 1648 expugnavit
487 1584 515 1627 et
525 1577 560 1626 ad
571 1577 755 1643 diripiendum
767 1578 899 1629 militibus
911 1593 974 1628 oon·

171 1649 268 1710 cessit3
288 1648 438 1713 statimque
453 1647 486 1696 ab
504 1646 605 1714 oppido
622 1654 713 1698 castra
728 1651 814 1698 movit
830 1647 972 1698 etMetro-

1055 746 1062 971 ¹

169 1716 257 1788 polim
267 1717 351 1777 venit,
362 1716 410 1772 sic,
417 1720 448 1767 ut
460 1717 576 1766 nuncios
588 1718 739 1784 expugnati
751 1717 845 1786 oppidi
856 1715 973 1770 famam·
1065 1753 1066 1761 κ

170 1802 224 1857 quc
235 1783 424 1836 antecederet.

221 1853 346 1906 LXXXI.
367 1852 578 1920 Metropolitae,
589 1855 707 1922 primum
719 1855 815 1908 eodem
827 1856 871 1907 usi
883 1857 972 1907 consi·
1065 1845 1066 1892 l

168 1926 222 1988 lio,
241 1922 340 1976 iisdem
360 1926 482 1989 permoti
504 1925 674 1989 rumoribus,
694 1932 789 1993 portas
809 1927 971 1978 clauserunt

168 2008 317 2061 nrurosque
332 1994 447 2044 armatis
465 1992 686 2060 compleverunt:
708 1996 757 2048 sed
773 2001 883 2063 postea,
905 2011 971 2048 casu

169 2065 289 2120 civitatis
301 2060 485 2129 Gomphensis
502 2065 613 2130 cognito
628 2081 664 2118 ex
679 2067 807 2134 caparis,
825 2082 894 2134 quos
905 2067 971 2118 Cae·
1065 2121 1066 2130 ,

168 2152 216 2190 sar
227 2134 263 2188 ad
273 2146 383 2184 murum
393 2133 585 2201 producendos
596 2143 750 2199 curaverat,
769 2141 866 2204 portas
876 2151 971 2204 aperu-

169 2211 260 2263 erunt.
296 2203 403 2268 Qubus
423 2203 636 2272 diligentissime
655 2209 837 2270 conservatis,
867 2206 971 2259 coliata

169 2281 283 2334 fortuna
292 2274 506 2342 Metropolitum
518 2289 580 2326 cum
592 2291 657 2328 casu
667 2275 895 2344 Gomphensium,
910 2275 969 2326 nul·

168 2351 198 2404 la
218 2345 381 2400 Thessaliae
402 2343 456 2396 fuit
475 2345 580 2409 civitas,
600 2353 712 2415 praeter
733 2347 904 2410 Larissaeos,
924 2339 968 2414 qul

168 2419 278 2488 aragois
290 2415 457 2467 exercitibus
473 2413 610 2482 Scipionis
625 2419 806 2481 tenebantur,
826 2419 892 2485 quin
906 2417 968 2468 Cac-

168 2483 226 2540 sari
237 2490 369 2554 parerent
379 2490 463 2552 atque
473 2485 611 2551 imperata
621 2487 754 2541 facerent.
791 2485 852 2550 llle,
868 2485 969 2556 segetis

167 2557 299 2610 idoneum
311 2553 403 2604 locum
413 2557 443 2604 in
454 2556 528 2620 agris
540 2564 651 2622 nactus,
671 2573 741 2626 quae
752 2571 838 2625 prope
849 2558 903 2608 iarn
916 2570 969 2607 nra-

167 2631 315 2687 tffl'ssffl'ati
335 2622 374 2673 ibi
392 2623 542 2676 adventum
559 2635 723 2695 exspectare
739 2627 865 2696 Pompeii
882 2639 968 2694 eoque

169 2709 279 2748 ornnem
288 2691 428 2768 rationem
438 2692 507 2746 belli
525 2697 651 2753 conferre
663 2698 815 2752 constituit.
