2168 3134
216 149 263 202 102
391 146 445 198 DE
467 144 607 198 Baubo
636 141 818 197 usualdo

211 248 380 313 bantur,'de
395 262 446 299 suo
463 247 581 299 adventu
593 263 762 316 cognoscere
773 255 901 315 possent,
922 256 985 302 crat

210 323 353 388 prolicere,
375 317 478 380 fundis,
498 319 622 385 sagittis,
643 318 780 386 lapidibus
790 325 902 371 nostros
913 319 948 372 de
960 267 1020 372 ruffi

210 391 239 444 lo
259 390 420 450 deturbare,
440 387 613 456 reliquaque,
627 404 699 456 quae
720 387 756 439 ad
777 392 1019 458 oppugnationem

204 461 360 530 'pertinenia
379 457 582 508 administrare.
614 457 723 509 'Eodem
736 464 871 525 tempure,
891 458 1016 511 elamore

205 529 352 591 exaudito,
374 527 422 578 dat
437 528 504 578 tuba
514 529 623 596 signum
634 529 692 578 suis
704 521 918 596 Vercingetorix
929 525 1016 598 atque

152 605 155 612 '
202 603 246 652 ex
266 598 365 666 oppido
385 597 484 650 educit.
529 597 638 659 lllostu',¹
658 603 690 658 ut
709 599 897 663 superioribus
917 597 1016 651 diebus

208 685 276 722 sirus
295 670 394 736 cuique
413 667 490 719 locus
511 673 572 718 erat
586 666 726 729 delinitus,
745 667 779 717 ad
792 669 961 720 munitiones
973 685 1018 719 ac-

204 739 324 791 cedunt:
340 735 441 801 fundis,
460 736 600 787 librilibus
610 733 787 804 sudibusque,
808 753 877 804 quas
888 740 916 789 iu
927 753 1015 806 opere

203 807 417 876 disposuerant,
432 820 465 856 ae
478 805 625 873 glandibus
636 803 732 856 Gallos
742 813 909 873 perterrent.
947 807 1017 859 Pro-

154 885 156 892 ’
209 886 306 946 spectu
316 877 439 929 tenebris
450 875 574 938 ademto,
593 874 682 925 multa
692 877 830 943 utrimque
840 877 958 929 vulnera
972 892 1015 929 ae-

209 951 362 1015 cipiuutur'3
375 944 518 1012 complura
528 942 742 996 tormentistcla
753 947 950 998 coniiciuntur.
978 949 1015 999 At

209 1019 248 1070 Μ.
259 1019 392 1069 antinous
404 1021 432 1066 et
443 1016 471 1078 C,
482 1015 646 1076 Trebonius,
657 1010 759 1079 legati,
780 1016 880 1083 quibus
891 1021 940 1067 eae'
952 1031 1014 1084 par-

207 1094 250 1139 tes
266 1087 300 1138 ud
316 1084 520 1138 defendendum
538 1083 721 1144 obvenerant,
732 1093 735 1098 '
746 1098 800 1150 qua
820 1099 856 1148 cx
872 1092 951 1152 parte
966 1100 1014 1146 no·

201 1153 282 1209 ‘stros
297 1157 385 1225 premi
398 1153 609 1217 intellexerant,
625 1153 660 1202 iis
670 1153 774 1204 auxilio
785 1169 821 1206 ex
831 1154 1014 1208 ulterioribus

208 1225 330 1280 castellis
340 1224 475 1276 deductos
486 1223 693 1275 submittebant.
951 1229 954 1234 '

261 1295 398 1348 Lxxxu.
428 1294 501 1345 Dum
525 1293 637 1362 longius
664 1291 697 1344 ab
719 1293 874 1356 munitione
895 1295 1013 1346 aberant

202 1365 292 1430 Galli,
307 1364 554 1434 plus'm'ultitudine
565 1363 684 1429 telorum
696 1364 889 1428 proficiebant:
904 1367 1013 1430 postea-

209 1453 290 1506 quam
306 1435 418 1504 propius
434 1438 641 1495 successerunt,
662 1439 711 1484 aut
726 1449 756 1484 se
776 1434 829 1500 ipsi
846 1433 1014 1484 stimulis‘in·

202 1506 355 1574 'opinantes
367 1505 534 1566 induebant,
555 1509 603 1554 arat
613 1504 641 1553 iu
653 1503 764 1554 scrobes
777 1503 881 1570 delapsi
895 1503 1013 1556 transfo-

207 1575 366 1639 diebantur,
388 1581 437 1625 aut
458 1569 499 1625 ex'
512 1573 586 1624 vallo
608 1589 642 1624 ao
662 1574 784 1624 turribus
794 1563 940 1626 transiecti
949 1573 1012 1640 pilis

207 1646 359 1698 muralibus
371 1641 530 1694 interibant.
555 1641 653 1693 Multis
664 1641 785 1710 undique
795 1642 956 1696 vulneribus
968 1658 1011 1694 ae·

201 1718 303 1781 ceptis,
327 1713 404 1763 nulla
420 1714 574 1762 munitione
586 1717 728 1778 perrupta,
749 1727 831 1778 quum
842 1712 890 1763 lux
903 1714 1012 1779 adpeta-

203 1781 260 1845 ‘ret,
270 1784 361 1844 veriti,
371 1795 405 1831 ne
417 1781 450 1830 ab
462 1780 550 1831 latere
560 1785 657 1846 aperto
669 1795 704 1832 ex
714 1780 904 1844 superioribus
914 1784 1012 1834 castris

203 1851 356 1919 'eruptione
369 1851 655 1911 circumvenirentur,
676 1863 706 1898 se
715 1847 750 1898 ad
761 1863 826 1898 suos
837 1859 1011 1916 receperunt.

202 1919 245 1973 'At
255 1922 413 1980 interiores,
425 1917 489 1969 dum
501 1932 544 1979 ea,
555 1932 626 1985 quae
637 1931 653 1967 a
664 1917 894 1985 Vercingetorige
906 1917 1011 1971 aderu-

202 1990 328 2060 'ptionem
341 1993 508 2056 praeparata
518 1991 608 2048 erant,
624 1984 780 2053 proferunt,
801 1990 910 2052 priores
921 1986 1010 2044 fossas

207 2061 332 2128 explent3
353 2057 455 2109 diutius
470 2058 499 2107 in
515 2058 550 2107 iis
565 2056 648 2108 rebus
663 2054 889 2108 administrandis
900 2059 1011 2123 morati,

202 2129 282 2201 'prius
292 2143 358 2181 suos
369 2126 529 2178 discessisse
540 2132 744 2194 cognoverunt,
758 2127 843 2194 'quam
854 2129 1010 2181 nrurritioni-

205 2205 257 2255 bus
277 2199 542 2267 adpropinquarent.
564 2195 632 2274 lta,
646 2211 677 2248 re
697 2195 816 2262 inlecta,
830 2199 860 2248 iu
880 2191 1010 2272 oppidum

207 2277 390 2326 reverterunt.

203 2395 206 2403 ,
257 2338 409 2394 Lxxxlu.
438 2337 487 2389 Bis
509 2347 610 2404 magno
632 2339 693 2386 cum
716 2335 884 2388 detrimento
907 2337 1008 2406 repulsi

207 2412 296 2475 Galli,
318 2409 386 2478 quid
407 2414 509 2476 agant,
526 2405 692 2470 ,consuluntt
715 2406 838 2458 locorum
851 2408 1010 2473 peritosad·

206 2479 317 2534 bibent:
340 2480 374 2531 ab
391 2475 433 2528 bis
449 2477 624 2544 superiorum
637 2479 790 2527 castrorum
802 2478 872 2544 situs
884 2478 1007 2528 munitiu-

207 2566 310 2620 uesque
331 2552 510 2617 cognoscunt.
550 2547 620 2598 Erat
638 2560 655 2595 a
666 2545 911 2612 septemtrionibus
924 2545 1007 2607 collis,

205 2635 288 2689 quem
299 2626 412 2686 propter
424 2615 642 2686 magnitudinem
655 2617 786 2667 circuitus
798 2631 883 2682 opere
899 2618 1009 2680 circuun-

208 2689 291 2756 pleeti
312 2701 368 2740 non
388 2692 541 2755 potuerant
559 2685 660 2749 nostri,
687 2689 901 2755 necessarioque
922 2701 1006 2755 paem
