2180 3140
188 165 241 221 ³20
406 163 462 217 DE
479 161 622 222 subeo
642 162 780 222 etrier
1059 52 1063 212 l

238 267 338 322 XXlll.
356 267 441 332 Libo,
462 267 606 336 profectus
618 269 747 322 eborico
759 285 821 322 eum
832 267 931 332 classe,
950 267 1000 322 cul
1063 288 1065 350 l

187 344 332 410 praeerat,
358 341 470 390 navium
481 339 697 407 quinquaginta,
725 340 906 392 Brundisium
920 340 1001 392 venit
1065 368 1066 378 κ

187 411 378 477 insulamque,
410 424 480 478 quae
497 416 595 461 contra
605 408 806 461 Brundisinum
817 415 929 477 portum
942 416 1000 473 est,
1066 447 1067 456 ἢ

189 481 348 548 occupavit3
377 478 452 547 quod
469 477 614 545 praestare
626 480 828 543 arbitrabatur,
858 493 945 530 unum
956 479 998 529 lo·

189 566 269 613 cum,
299 563 354 618 qua
365 551 541 600 necessarius
552 547 656 600 nostris
668 555 730 601 erat
744 564 887 618 egressus,
912 563 998 618 qnam

190 621 313 674 omnium
323 619 409 670 litora
421 633 453 670 ac
464 624 563 686 portus
573 619 703 671 custodia
715 619 827 671 clauses
836 621 919 671 tueri.
941 619 999 671 llic

188 691 337 757 repentino
354 688 476 740 adventu
491 702 576 741 naves
592 693 738 742 onerarias
753 689 885 758 quasdam
898 694 998 741 nactus

189 759 316 812 incendit
336 763 366 811 et
381 773 464 809 unam
481 757 621 810 frumento
643 767 772 812 onustam
790 759 919 824 abduxit,
941 773 999 810 nra·

190 843 331 899 quumque
342 830 447 880 nostris
459 833 597 880 terrorem
611 831 709 899 iniecit
724 836 755 882 et
765 835 850 881 noctu
861 827 998 880 militibus

191 909 220 951 et
230 899 386 968 sagittariis
397 899 426 947 in
440 901 546 950 terram
559 900 706 966 expositis,
738 897 909 968 praesidium
921 899 998 967 equi·

191 975 251 1022 tum
262 968 362 1020 deiecit
373 972 401 1018 et
411 966 481 1018 adeo
494 968 549 1019 loci
566 971 776 1035 opportunitate
788 968 922 1036 profecit,
955 969 1000 1019 uti

190 1040 225 1090 ad
232 1037 392 1103 Pompeium
403 1036 510 1088 litteras
521 1039 657 1103 mitteret,
669 1054 754 1090 naves
764 1040 896 1107 reliquas,
907 1039 931 1089 si
941 1037 999 1090 vei·

190 1110 239 1172 let,
261 1105 378 1159 subduci
389 1111 417 1158 'et
427 1108 504 1159 reiici
515 1107 639 1161 iuberet:
655 1123 706 1161 sua
717 1108 806 1162 classe
818 1109 925 1161 auxilia
934 1121 998 1160 sese

192 1179 320 1230 Caesaris
333 1174 547 1243 prohibiturum.

243 1247 345 1300 XXIV.
362 1247 432 1299 Erat
442 1262 475 1299 co
485 1253 612 1316 ternpore
622 1249 760 1300 Antonius
771 1247 923 1312 Brundisii,
939 1247 1000 1318 qui,

190 1319 289 1371 virtuti
299 1317 419 1369 militum
432 1319 563 1382 confisus,
586 1318 702 1386 scaphas
712 1321 821 1372 narium
834 1335 999 1388 magnarum

192 1390 304 1442 circiter
314 1390 463 1457 sexaginta
472 1389 594 1441 cratibus
606 1389 760 1458 pluteisque
766 1390 899 1451 contexit,
909 1403 999 1457 eoque

192 1459 296 1511 milites
303 1457 426 1511 delectos
435 1459 578 1526 imposuit,
589 1465 673 1526 atque
684 1475 731 1512 eas
742 1459 859 1511 inlitore
871 1459 999 1526 pluribus

191 1527 262 1582 locis
279 1530 428 1596 separatim
444 1528 594 1597 disposuit,
625 1544 765 1598 navesque
780 1531 909 1581 triremes
920 1528 1000 1592 duas,

192 1615 261 1668 quas
273 1598 416 1650 Brundisii
428 1597 570 1655 faciendas
582 1606 735 1663 curaverat,
753 1614 804 1666 per
815 1613 941 1650 caussam
953 1611 999 1650 ex·

193 1668 375 1720 emendorum
386 1670 524 1736 remigum
535 1668 571 1719 ad
581 1667 901 1736 faucesportusprodirc
906 1670 998 1720 iussit·

191 1739 252 1790 llas
268 1753 353 1806 quum
369 1737 502 1792 audacius
518 1752 685 1806 progressas
696 1738 766 1789 Libo
777 1738 907 1802 vidisset,
937 1751 999 1805 spc-

192 1823 258 1860 rans
268 1807 396 1872 intercipi
407 1821 500 1872 posse,
512 1807 703 1875 quadriremes
714 1809 834 1876 quinque
844 1808 880 1859 ad
891 1809 1000 1860 easmi·

191 1879 238 1929 sit.
274 1877 352 1939 Quae
368 1890 452 1942 quum
466 1877 583 1927 navibus
600 1877 703 1927 nostris
722 1876 1000 1946 adpropinquassent,

191 1945 282 1998 nostri
293 1945 419 1997 veterani
429 1946 458 1994 in
470 1950 580 2011 portum
597 1943 787 2012 refugiebant:
817 1946 873 2010 illi,
902 1945 998 1999 studio

191 2015 317 2078 incitati,
346 2015 486 2064 incautius
507 2016 705 2082 sequebantur.
742 2015 801 2066 lam
817 2030 853 2067 cx
869 2016 998 2067 omnibus

191 2086 318 2154 partibus
331 2083 423 2134 subito
434 2086 608 2156 Antonianae
619 2083 753 2154 scaphae,
774 2087 854 2154 signo
865 2085 945 2150 dato,
966 2089 998 2138 s's

156 2147 162 2162 '
190 2157 221 2207 in
236 2155 331 2207 hostes
348 2153 550 2219 incitaverunt,
579 2156 723 2224 primoque
740 2157 847 2222 impetu
862 2169 945 2208 unam
962 2169 997 2208 ex
1077 2168 1080 2178 ·

175 2223 236 2278 ‘his
257 2222 462 2295 quadriremem
487 2237 549 2276 cunr
574 2227 726 2294 remigibus
747 2225 996 2294 defensoribusque

191 2297 250 2349 suis
261 2299 405 2362 ceperunt,
427 2293 550 2362 reliquas
561 2297 683 2362 turpiter
692 2295 823 2363 refugere
834 2301 995 2363 coegerunt

190 2366 232 2421 Ad
243 2365 296 2417 hoc
306 2363 505 2416 detrimentum
517 2366 643 2429 accessit,
654 2370 693 2429 ut,
706 2368 845 2436 equitibus
856 2380 907 2434 per
917 2379 995 2416 orara

191 2436 360 2488 maritimam
377 2433 412 2486 ab
426 2435 546 2486 Antonio
562 2434 719 2502 dispositis,
749 2437 847 2504 aquari
866 2433 994 2501 probibe-

190 2512 296 2557 rentur·
335 2501 397 2565 Qua
408 2505 576 2556 necessitate
592 2512 621 2557 et
630 2507 782 2572 ignominia
793 2511 936 2572 permotus
947 2503 994 2556 Li·

114 2601 117 2606 ,
189 2573 241 2694 plo,
266 2573 599 2640 discessitaBrundisio,
625 2575 869 2644 obsessionemque
885 2581 994 2628 nostre·

214 2657 250 2694 rm
264 2644 367 2694 omisit.

240 2710 329 2765 XXV.
347 2711 432 2766 Multi
441 2715 498 2766 iam
508 2729 618 2770 menses
630 2716 799 2770 transierant
808 2712 992 2771 ctbienrslsnr
1016 2703 1020 2709 ’
