2152 3144
305 184 673 238 ALEXANDRINO.
840 184 891 240 385

92 301 194 340 morem
207 279 380 350 exaudirent,
387 287 481 356 fugam
494 285 606 340 suorum
617 288 753 352 riderent,
763 285 890 358 magnam

91 361 145 408 vim
156 357 276 408 telorum
287 358 397 409 adversi
408 361 589 422 sustinerent,
607 358 697 422 veriti,
717 373 751 410 ne
762 361 797 411 ab
808 365 891 428 tergo

83 429 357 479 circumvenirentur
368 439 396 479 et
411 429 535 479 discessu
552 431 663 480 navium
674 431 787 480 omnino
800 431 894 482 reditu

91 497 356 560 intercluderentur,
374 500 556 548 munitionem
567 501 596 549 in
607 503 720 564 pontem
732 499 891 550 institutam

91 569 264 636 reliquerunt
274 573 302 618 et
313 581 414 634 magno
426 582 507 618 cursu
518 569 626 620 incitati
638 568 672 618 ad
684 584 767 635 nares
778 575 892 621 conten·

92 637 206 688 derunt:
226 651 342 704 quorum
355 651 429 703 pars,
447 639 588 707 proximas
598 644 679 688 nacta
691 653 783 702 naves,
800 639 892 689 multi·

91 707 188 767 tudine
199 703 341 756 hominum
353 712 438 776 atque
455 721 540 759 onere
552 708 687 774 depressa
697 713 754 772 est3
773 723 839 777 pars
850 723 892 760 re·

91 778 194 827 sistens
209 781 239 826 et
254 775 394 840 dubitans,
413 777 480 844 quid
500 783 575 829 esset
595 777 758 844 capiendum
775 778 892 841 consilii,

90 846 125 896 ab
135 844 329 896 Alexandrinis
339 847 488 901 interiecta
498 852 555 911 est;
572 847 700 898 nonnulli
711 847 835 899 feliciore
847 861 893 898 ex-

90 915 141 977 itu,
160 915 304 981 expeditas
319 917 354 967 ad
369 931 498 968 ancoram
515 933 599 969 naves
616 919 769 980 consecuti,
785 917 893 968 incolu-

90 999 151 1036 mes
162 983 364 1051 discesscrunt3
383 989 463 1053 pauci
480 987 599 1038 adlevati
615 989 703 1038 scutis
715 993 743 1038 et
753 989 847 1038 animo
858 987 893 1038 ad

91 1055 246 1106 conandum
259 1056 326 1118 nixi,
346 1057 380 1108 ad
392 1058 520 1124 proxima
529 1058 641 1125 navigia
651 1057 830 1110 adnotarunt.

96 1166 99 1186 ,
142 1125 216 1177 xxi.
237 1126 352 1188 Caesar,
372 1127 464 1194 quoad
475 1129 578 1193 potuit,
597 1125 771 1179 cohortando
782 1141 847 1177 suos
858 1126 892 1177 ad

63 1203 67 1216 *
91 1201 203 1263 pontem
216 1209 248 1245 ac
257 1197 426 1266 munitiones
439 1197 622 1260 contendere,
642 1197 739 1262 eodem
750 1201 776 1248 in
787 1197 895 1264 pericu·

90 1267 120 1316 lo
136 1271 262 1317 versatus
278 1273 330 1316 est.
365 1266 515 1336 Postquam
531 1267 677 1318 universos
694 1267 794 1319 cedere
810 1267 895 1316 anim·

91 1335 223 1398 adr'ertit,
242 1336 270 1384 in
286 1351 365 1387 suum
380 1339 518 1404 navigium
535 1351 565 1387 se
582 1337 695 1403 recepit.
728 1335 790 1397 Quo
801 1335 894 1386 multi-

90 1404 159 1455 tudo
171 1404 312 1456 hominum
324 1406 451 1458 insecuta
465 1420 547 1472 quum
563 1408 743 1472 irrumperet,
764 1411 793 1456 et
804 1420 893 1471 neque

92 1474 306 1525 administrandi
317 1491 406 1544 neque
423 1474 580 1542 repellendi
596 1491 613 1528 a
627 1481 704 1526 terra
715 1473 834 1527 facultas
847 1473 895 1524 da·

90 1552 184 1608 retur3
204 1544 274 1607 fore,
285 1545 359 1612 quod
370 1545 480 1608 accidit,
491 1546 653 1611 suspicatus,
664 1560 726 1596 sese
737 1559 772 1597 ex
782 1544 894 1611 navigio

92 1615 177 1666 eiecit
187 1618 269 1681 atque
281 1615 316 1665 ad
327 1630 384 1678 eas,
396 1631 467 1682 quae
478 1615 590 1682 longius
598 1615 794 1677 constiterant,
809 1628 894 1664 nares

91 1685 244 1735 adnotavit.
282 1686 355 1736 l‘linc
366 1687 424 1736 suis
441 1685 637 1736 laborantibus·
644 1685 768 1736 subsidio
778 1682 894 1749 scaphas

91 1755 215 1816 mittens,
235 1755 386 1806 nonnullos
409 1757 593 1817 conservarit3
621 1756 761 1824 navigium
782 1753 893 1821 quidem

83 1825 162 1888 cius,
173 1825 353 1877 multitudine
363 1825 526 1892 depressum
536 1825 726 1887 militum,una
736 1837 798 1875 curn
809 1821 896 1874 bomi-

92 1894 175 1946 nibus
189 1897 305 1946 interiit.
342 1895 406 1946 Hoc
423 1896 530 1961 proelio
547 1897 698 1948 desiderati
713 1899 779 1946 sunt
790 1909 830 1956 ex
845 1909 895 1944 nu·

83 1965 395 2033 ·merolegionariorum
406 1965 526 2018 militum
538 1967 650 2019 circiter
661 1965 857 2035 quadringenti
867 1970 894 2016 et

84 2035 187 2100 paullo
206 2035 283 2086 ultra
304 2051 365 2087 eum
388 2051 533 2088 numerum
558 2036 696 2088 classiarii
718 2040 747 2086 et
764 2033 894 2102 remiges.

7 2145 8 2150 ,
92 2104 272 2156 Alexandrini
284 2121 317 2156 eo
328 2105 390 2156 loco
407 2106 551 2156 castellum
569 2107 675 2172 magnis
693 2101 893 2156 munitionibus

94 2173 241 2240 incultisque
257 2177 406 2226 tormentis
423 2174 659 2226 confirmaverunt
674 2181 768 2241 atque,
789 2174 893 2240 egestis

92 2257 128 2294 ex
138 2246 209 2294 mari
221 2244 366 2311 lapidibus,
377 2243 465 2298 libere
476 2251 542 2296 sunt
552 2246 597 2296 usi
607 2250 704 2313 postea
714 2243 749 2294 ad
759 2242 894 2296 mittenda

85 2327 213 2380 navigia.
266 2337 268 2344 >
648 2327 649 2330 ’

86 2411 88 2416 ·
144 2383 233 2434 XXll.
250 2383 312 2433 Hoc
326 2380 493 2435 detrimento
505 2381 609 2434 milites
625 2385 713 2435 nostri
729 2385 837 2434 tanturn
850 2383 895 2434 ab·

89 2452 220 2515 suerunt,
243 2457 275 2503 ut
290 2453 536 2519 perturbarentur,
562 2458 594 2503 ut
604 2455 711 2505 incensi
725 2452 841 2520 [potius]
855 2459 895 2504 at·

92 2537 145 2590 que
155 2525 265 2575 incitati
278 2538 392 2590 magnas
404 2523 576 2574 accessiones
592 2521 712 2574 fecerint
723 2523 750 2573 in
764 2523 895 2590 operibus

87 2591 213 2645 bostium
226 2592 430 2660 expugnandis:
447 2594 476 2642 in
486 2591 602 2660 proeliis
615 2595 793 2660 quotidianis,
810 2609 896 2662 quan-

91 2663 246 2732 documque
263 2663 320 2715 fors
336 2663 491 2726 obtulerat,
523 2664 752 2730 procurrentibus
764 2669 793 2716 et
804 2677 894 2714 erum-

90 2735 222 2802 pentibus
238 2733 431 2786 Alexandrinis
448 2733 481 2762 *²*
495 2748 609 2786 manum
619 2733 815 2801 comprehendi
826 2733 896 2786 rnul-

125 2808 186 2857 lm..
199 2807 280 2858 Caua.
591 2845 593 2848 .
635 2804 687 2856 Bb
