2168 3134
183 186 235 242 rsa
365 186 424 239 ns
445 184 586 254 annno
609 181 794 240 satureo

182 285 236 360 que
249 287 391 351 hostibus,
411 288 485 358 quod
497 289 634 358 equitatu,
649 303 703 356 qua
713 288 834 339 maxime
845 293 925 356 parte
939 303 989 340 ex·

182 361 288 411 arcitus
299 357 486 422 confidebant,
502 365 584 412 erant
595 359 676 427 pulsi,
688 356 851 410 adhortatus
863 356 898 408 ad
906 357 988 411 labo·

182 443 241 481 rem
255 430 368 492 milites,
379 428 500 482 Alesiam
512 428 721 482 circumvallare
732 427 866 496 instituit.
881 491 883 495 Ι
924 487 926 494 Ι

236 497 341 551 thX..
354 500 447 566 ipsum
459 505 520 551 erat
531 499 659 566 oppidum
671 499 701 548 in
713 498 783 548 colle
795 511 917 560 summo,
936 497 990 548 ad·

182 569 295 621 modurn
308 568 384 621 edito
395 569 465 632 loco,
476 575 516 631 ut,
528 570 583 622 nisi
594 568 749 630 obsidione,
761 567 918 634 expugnari
928 582 993 633 pos-

183 654 215 690 se
228 653 291 691 non,
300 639 454 691 videretur.
492 640 580 707 Cuius
592 639 670 690 collis
685 633 795 706 radices
812 636 866 687 duo
879 635 990 689 duabus

184 723 221 769 ex
238 707 364 773 partibus
380 707 496 760 ssrrnrina
511 709 687 760 subluebant.
722 710 794 758 Anto
810 705 839 758 id
855 707 990 773 oppidum

182 777 316 845 planitias
327 778 442 830 circiter
453 779 531 830 milia
545 793 679 845 passuum
690 777 730 828 lll
740 777 771 827 in
781 775 991 844 longitudinem

182 847 312 915 patebat:
323 847 439 914 reliquis
451 863 487 899 ex
498 847 626 899 omnibus
639 847 765 916 partibus
777 847 871 909 colles,
882 845 989 897 medio·

184 917 225 967 cri
235 915 384 966 interiecto
396 918 499 984 spatio,
519 916 581 984 pari
592 915 752 968 altitudinis
763 913 887 982 fastigio,
908 916 989 983 oppi-

184 985 248 1036 dum
261 984 420 1051 cingebant.
457 985 513 1038 Sub
524 1001 619 1047 muro,
635 998 706 1052 quae
717 999 782 1051 pars
794 985 873 1037 collis
885 984 921 1037 ad
932 985 989 1037 ori·

184 1051 278 1106 entem
290 1055 379 1106 solem
394 1057 554 1121 spectabat,
576 1053 654 1106 hunc.
664 1069 773 1105 omnem
785 1055 876 1115 locum
888 1055 988 1122 copiae

183 1123 329 1185 Gallorum
341 1125 551 1192 compleverant
562 1124 721 1191 fossamque
733 1129 762 1174 et
773 1125 923 1190 maceriam
935 1137 989 1176 sex

182 1193 213 1245 iu
225 1193 405 1245 altitudinem
417 1195 518 1262 pedum
531 1194 746 1262 praeduxerant.
776 1194 843 1244 Eius
855 1189 987 1244 munitio·

182 1264 238 1326 nis,
250 1279 320 1332 quae
332 1265 366 1316 ab
373 1265 505 1318 Romanis
516 1264 727 1333 instituebatur,
739 1262 874 1314 circuitus
884 1263 924 1315 Xl
937 1264 988 1315 mi·

182 1332 251 1385 lium
263 1349 394 1400 passuum
407 1337 530 1388 tenebat.
542 1339 639 1387 Castra
650 1333 814 1401 opportunis
825 1333 894 1384 locis
906 1339 989 1385 erant

181 1405 286 1470 posita,
297 1405 392 1473 ibique
404 1407 521 1459 castella
531 1405 623 1468 XXlll
635 1403 722 1468 facta3
734 1403 834 1470 quibus
846 1403 875 1454 in
887 1403 989 1454 castel-

183 1469 219 1524 lis
236 1475 361 1526 interdiu
373 1476 512 1529 stationes
524 1475 759 1544 disponebantur,
781 1489 816 1525 ne
828 1488 882 1541 qua
893 1473 987 1525 subito

184 1541 296 1610 eruptio
312 1543 408 1597 lieret:
429 1544 498 1598 baec
516 1546 614 1598 eadem
630 1549 715 1598 noctu
732 1543 942 1610 excubitoribus
954 1557 986 1594 ac

181 1611 273 1663 firmis
305 1614 434 1668 raesidiis
445 1617 622 1670 tenebantur.

235 1681 285 1733 Lx
314 1718 320 1733 .
341 1685 433 1750 Opere
449 1682 598 1749 instituto,
620 1682 654 1734 nt
665 1688 797 1750 equestre
808 1683 945 1750 proelium
956 1680 987 1733 in

182 1764 217 1818 aa
227 1751 356 1818 planitie,
366 1769 446 1821 quam
458 1754 647 1806 intermissam
658 1751 775 1803 collibus
788 1753 825 1805 lll
837 1749 915 1802 arilia
924 1766 986 1816 pas·

182 1834 263 1870 suum
279 1820 308 1870 in
323 1820 526 1888 longitudinem
544 1829 655 1890 patere,
677 1836 762 1887 supra
783 1819 984 1872 demonstrari·

181 1901 253 1938 nius.
289 1887 403 1941 Summa
412 1892 439 1941 vi
451 1891 486 1942 ab
496 1894 624 1959 utrisque
636 1889 823 1941 contenditur.
842 1888 985 1941 Laboran-

181 1957 258 2009 tibus
270 1959 374 2010 nostris
386 1961 489 2012 Caesar
500 1959 655 2012 Germanos
667 1959 822 2022 submittit,
843 1958 984 2026 legiones*
1001 2013 1004 2019 ¹

174 2025 236 2094 spire
248 2043 299 2095 pro
311 2027 411 2081 cestris
423 2030 585 2094 constituit,
602 2046 637 2082 ne
648 2045 703 2098 qua
714 2029 807 2080 subito
819 2028 938 2096 irruptio
949 2029 983 2080 ab

181 2094 305 2149 bostium
322 2099 450 2166 peditatu
470 2102 527 2152 liat.
562 2099 709 2154 Praesidio
725 2099 868 2168 legionum
879 2097 983 2161 addito,

182 2169 288 2221 nostris
299 2170 409 2220 animus
421 2179 553 2239 augetur:
573 2171 680 2233 hostes,
702 2169 730 2221 in
747 2167 842 2237 iugem
855 2169 982 2231 coniecti,

182 2239 286 2306 seipsi
301 2239 480 2293 multitudine
501 2241 658 2308 impediunt
674 2246 758 2308 atque
773 2239 982 2308 angustioribus

182 2309 272 2374 portis
283 2310 391 2362 relictis
403 2317 574 2364 coartantur.
609 2312 681 2363 'l'um
693 2310 827 2362 Germani
837 2310 929 2360 acrius
939 2323 982 2360 us·

183 2392 236 2447 que
253 2378 288 2429 ad
303 2377 475 2432 munitiones
489 2387 654 2450 sequuntur.
690 2380 736 2432 Fit
752 2395 854 2448 magna
870 2377 980 2430 caedes:

182 2449 319 2512 nonnulli,
330 2450 439 2503 relictis
447 2452 537 2519 equis,
549 2450 652 2504 fossam
663 2452 783 2502 transire
794 2460 822 2502 at
832 2447 980 2500 maceriam
1002 2499 1009 2514 ‚

181 2517 384 2572 transcendere
405 2528 549 2574 conantur.
585 2520 711 2574 Paullum
726 2521 854 2588 legiones
871 2520 980 2579 Caesar,

182 2587 250 2650 quos
261 2601 311 2652 pro
322 2588 396 2642 vallo
408 2592 605 2653 consatuerat,
623 2592 782 2658 promoveri
797 2587 883 2643 iubet.
919 2586 979 2640 Non

180 2653 283 2718 nrinus,
298 2657 346 2723 qui
357 2657 433 2712 intra
444 2661 615 2714 nrurritiones
627 2667 717 2722 erant,
733 2661 807 2714 Galli
819 2657 979 2728 perturban-

181 2723 241 2787 tur3
258 2727 351 2780 renisi
367 2727 402 2782 ad
419 2743 450 2784 se
467 2729 616 2785 confestim
633 2732 838 2803 existimantes,
858 2728 894 2786 ad
905 2741 978 2784 arma
