2134 3148
364 186 620 238 ΔῈΜΟΑΝΟ.
680 212 685 222 ·
839 189 887 240 421

127 308 148 372 ΙῘ.
169 290 288 374 Caesar
307 322 453 372 itirreribus
477 316 557 372 iustis
580 323 724 387 consumis,
746 325 822 376 nrdlo
845 325 890 376 die

82 395 256 454 intermisso,
278 405 302 441 a.
316 390 341 440 d.
353 391 425 443 XlV.
439 392 501 442 Kal.
515 394 572 442 lan.
584 394 749 460 Lilybaeum
763 397 890 461 peruenit

83 464 235 530 statimque
257 460 387 522 ostendit,
409 477 471 512 sose
494 477 578 513 nares
600 464 671 514 vello
694 464 890 526 rarescendere,

84 548 169 602 quum
182 547 237 583 non
249 531 367 596 amplius
383 532 521 598 legionem
533 533 656 583 tironum
669 533 889 596 tenementum,

84 604 191 672 equites
200 603 246 650 rix
257 607 411 651 sexcentos.
424 601 646 658 Tabernaenlum
661 604 809 653 serrandum
822 605 889 654 litus

83 677 172 739 ipsum
185 673 346 733 eorastituit,
365 679 397 720 ut
408 685 494 737 prope
507 672 606 722 iluctus
619 675 789 723 verberaret.
826 674 889 724 lloe

7 787 10 796 .
84 759 118 793 eo
129 742 244 792 oonsilio
261 740 340 804 feeit,
362 757 397 791 ne
414 741 474 806 quis
490 742 543 790 sibi
559 755 655 792 morae
666 743 814 810 quidquam
826 742 888 794 iore

83 816 219 878 speraret,
231 815 259 862 et
270 815 301 860 ut
313 825 408 861 (rames
421 811 448 860 in
462 810 521 860 dies
535 809 670 878 horasque
685 815 772 878 parati
785 819 888 864 essent.

82 881 183 933 inuidit
193 896 244 948 per
253 880 280 930 id
290 885 451 946 tempnunt
463 885 644 946 tempestates
656 883 691 932 ad
703 882 889 949 navigandum

83 951 200 1002 idoneas
213 965 268 1000 non
281 948 410 1012 haberet3
423 947 616 1007 nihilo-tamen
629 955 719 1003 minus
731 955 757 1002 in
773 955 888 1004 naribus
947 1010 951 1017 .

82 1020 204 1088 remiges
220 1019 379 1088 militesque
396 1021 539 1071 continere
551 1025 579 1071 et
592 1021 695 1072 nullam
711 1025 887 1088 praetermit·
931 1079 934 1088 ¹

83 1099 144 1142 tere
155 1091 338 1142 'occasionem
357 1088 553 1157 profectionis:
573 1104 655 1156 quum
666 1095 836 1158 ‘praesertim
853 1094 887 1142 ab

82 1161 181 1211 ineolis
194 1161 253 1211 eius
271 1162 431 1226 provinciae
448 1162 648 1234 nunciarentur
665 1162 887 1221 aduersariorum

82 1232 187 1296 copiae,
210 1231 350 1298 equitatus
360 1231 497 1292 infinitus,
518 1231 642 1297 legiones
654 1234 747 1298 regiae
760 1237 887 1300 quatuor,

83 1301 150 1352 levis
162 1307 321 1351 armaturae
332 1302 490 1367 magnonis,
501 1300 634 1366 Scipionis
647 1302 772 1369 legiones
783 1301 887 1361 dorem,

82 1369 224 1438 elephanti
240 1370 326 1432 CXX,
347 1370 506 1437 classesque
524 1385 585 1421 esse
602 1373 767 1437 complures:
791 1376 886 1421 tamen

64 1456 137 1510 'non
150 1441 359 1504 deterrebatur,
381 1443 529 1508 animoque
543 1447 570 1490 et
581 1457 628 1507 spe
642 1441 806 1492 corradebat.
844 1443 885 1492 ln·

79 1512 162 1562 terim
175 1513 204 1560 in
217 1511 276 1562 dies
289 1519 316 1563 et
327 1527 412 1563 nares
424 1511 527 1577 longae
541 1509 681 1577 adaugeri,
698 1516 727 1559 et
739 1507 885 1562 onerariae

81 1581 238 1647 complures
260 1581 358 1632 eodem
380 1595 557 1642 concurrere,
579 1586 607 1631 et
622 1581 745 1648 legiones
761 1582 884 1630 tironum

80 1651 242 1714 reinvenire,
264 1653 292 1701 in
304 1650 347 1703 liis
358 1657 492 1704 veterana
502 1649 577 1718 legio
590 1653 695 1716 quinta,
713 1652 837 1718 equitum
850 1651 885 1700 ad

79 1721 134 1773 dno
152 1721 235 1772 milia.

132 1825 164 1877 ll.
183 1824 357 1892 legionibus
380 1826 503 1878 collectis
526 1840 577 1876 sex·
592 1833 619 1876 et
640 1829 762 1893 erpriturn
776 1827 883 1878 duobus

78 1895 203 1956 rasilibus,
226 1903 255 1946 ut
268 1912 392 1964 quaeque
410 1896 502 1963 prima
516 1896 590 1962 legio
607 1903 736 1958 uenerat,
756 1897 784 1946 in
799 1911 883 1960 nares

55 2017 60 2024 ,
75 1965 175 2032 longas
187 1967 392 2032 imponebatur,
405 1969 511 2034 equites
523 1971 614 2019 autem
627 1965 654 2014 in
668 1969 817 2018 onerarias.
841 1968 884 2016 lta

78 2037 210 2086 oratorem
230 2043 336 2101 [nartem
354 2040 467 2087 riarium*
481 2035 647 2086 antecedere
670 2037 749 2087 iussit
766 2043 794 2088 ot
809 2037 882 2086 insu-

77 2105 132 2155 lam
146 2112 240 2170 petere
252 2109 424 2172 Aponianam
460 2121 530 2172 quae
543 2121 600 2156 non
615 2107 694 2156 abest
706 2121 722 2156 a
733 2106 882 2172 Lilybaeo:

78 2175 138 2240 ipse
152 2191 245 2239 parram
259 2183 460 2236 commoratus,
481 2176 553 2242 bona
565 2191 714 2242 paucorum
727 2176 823 2228 rendit
833 2191 882 2241 pu-

10 2255 12 2260 ’
77 2244 162 2294 bliee:
182 2245 282 2296 deinde
295 2245 402 2296 Allieno
420 2245 552 2311 praetori,
574 2247 623 2314 qui
636 2245 757 2297 Siciliam
774 2247 882 2298 obtine·

77 2314 140 2375 bat,
161 2313 195 2364 de
208 2315 334 2365 earnibus
350 2315 434 2366 rebus
451 2315 587 2380 praecipit
599 2323 628 2366 et
639 2316 673 2366 de
686 2317 792 2382 reliquo
805 2331 882 2366 exer„

78 2385 133 2432 rito
148 2383 276 2434 celeriter
288 2384 464 2450 imponendo.
502 2384 583 2436 Datis
596 2386 747 2448 expendatis,
763 2387 822 2454 ipse
835 2402 882 2436 na·

77 2469 137 2504 rem
153 2453 315 2504 conscendit
326 2470 350 2504 a.
362 2455 387 2505 d.
403 2455 447 2506 Vl.
457 2455 522 2506 ‘Kab
536 2457 591 2506 lan.
612 2463 639 2506 et
655 2457 776 2524 reliquas
795 2471 880 2507 nares

75 2526 169 2574 statim
182 2530 225 2573 est
237 2533 410 2576 consecutus.
446 2526 489 2576 lta
500 2533 582 2576 rento
596 2532 672 2576 certo
684 2525 822 2594 celerique
835 2543 880 2577 nn·

74 2595 150 2660 rigia
170 2600 272 2656 reolus,
294 2602 356 2660 post
372 2595 443 2645 diem
466 2602 592 2660 quartam
606 2611 667 2646 enm
684 2596 773 2663 longis
785 2600 880 2663 paneis

76 2665 191 2715 alaribus
202 2665 229 2714 in
242 2671 419 2730 conspertum
430 2663 540 2716 Africae
553 2665 640 2716 verrit:
654 2681 770 2733 nonique
784 2683 880 2720 onera-

78 2738 134 2786 riae
146 2734 273 2802 reliquoe
285 2743 396 2806 praeter
413 2750 528 2804 paucas,
539 2742 632 2798 ¹rento
644 2736 785 2802 dispersae
797 2745 879 2804 atque
