2180 3140
184 173 240 228 28⁰
401 170 457 223 DE
475 171 620 224 Bucco
642 171 775 226 clvnrl

185 276 377 344 superioribus
391 275 530 328 refecerat
542 277 641 330 diebus
660 282 744 344 atque
760 275 889 326 omnibns
907 275 998 326 rebus

184 347 366 398 instruxerat.
402 347 500 415 ltaque
514 361 579 398 snos
593 346 767 410 cohortatus,
788 360 856 413 quos
866 346 1007 412 integros

186 417 408 484 surperarisscnt,
427 424 459 468 nt
474 417 561 467 rictos
574 420 796 478 contemnerent,
816 415 914 481 plenus
930 416 997 480 spei

185 487 278 539 bonae
288 491 371 554 atque
382 486 463 540 animi
475 485 608 538 adversus
618 502 666 539 eos
676 486 868 554 proficiscitur.
896 483 996 535 Facile

187 563 256 617 erat,
278 570 313 606 cs
323 557 422 606 castris
439 556 467 606 C.
480 556 504 604 'l
507 557 614 608 lebunii
630 563 713 624 atque
730 557 858 607 onrnibus
868 555 996 620 superio·

185 626 265 678 ribus
275 625 345 676 locis
361 627 521 692 prospicere
533 629 560 677 in
574 629 684 690 urbem,
704 633 736 676 ut
751 627 841 676 omnis
856 626 995 684 iuventus,

187 710 258 764 quae
270 695 297 745 iu
309 695 410 762 oppido
421 702 601 760 remanserat,
622 711 772 762 omnesque
783 694 934 758 superioris
948 707 996 743 ae-

187 768 271 827 iatis,
290 780 352 815 cum
363 765 458 816 liberis
472 773 556 832 atque
573 767 706 818 uxoribus
719 766 891 832 publicisque
902 769 996 813 custo·

188 835 250 896 diis,
271 840 365 885 auter
380 849 460 885 muro
476 835 509 885 ad
527 837 636 888 coelum
651 851 749 886 manus
768 837 925 894 tenderent,
944 837 997 882 ant

186 904 292 970 templa
303 902 418 954 deorum
429 906 626 957 immortalium
635 906 747 956 adirent
756 912 792 966 et,
803 911 867 954 ante
881 901 997 953 simula-

188 989 236 1025 cra
252 973 385 1039 proiecti,
405 975 550 1025 victoriam
566 978 601 1027 ab
617 976 670 1026 diis
686 981 880 1040 exposcerent:
902 987 996 1038 neque

189 1049 251 1094 erat
262 1044 407 1109 quisquam
424 1045 559 1108 oninium,
588 1048 654 1113 quin
670 1046 700 1095 in
715 1046 774 1095 eius
791 1043 845 1094 diei
857 1057 923 1093 casu
933 1056 997 1092 sua-

186 1127 250 1163 rum
261 1114 384 1162 onmium
401 1111 576 1167 fortunarum
592 1120 720 1166 arentum
736 1115 888 1164 consistere
900 1113 997 1162 existi·

189 1189 288 1232 maret.
315 1181 394 1233 'Nam
415 1189 444 1234 et
463 1182 574 1237 honesti
594 1200 627 1234 er
642 1186 796 1244 iuventute,
816 1187 845 1233 et
860 1183 996 1249 cuiusque

189 1254 291 1304 aetatis
302 1253 474 1318 amplissimi,
484 1256 646 1306 nominatim
658 1255 764 1305 evocati
776 1260 858 1318 atque
869 1253 998 1303 obsecra-

189 1325 222 1384 ti,
234 1338 317 1373 nares
328 1323 563 1388 conscenderont3
583 1330 627 1386 ut,
648 1325 672 1374 si
683 1323 750 1390 quid
761 1323 869 1373 adversi
880 1321 997 1372 accidis-

190 1399 241 1451 set,
263 1408 297 1444 ne
313 1392 347 1443 ad
363 1394 516 1444 conandum
534 1394 646 1461 quidem
660 1394 712 1444 sibi
729 1393 877 1460 quidquam
890 1391 997 1458 reliqui

190 1461 252 1513 iore
273 1462 412 1524 riderent3
433 1464 455 1512 si
471 1465 686 1529 superavissent,
696 1462 741 1512 rel
760 1461 919 1513 domesticis
938 1463 997 1528 opi-

191 1530 250 1594 bus,
262 1533 305 1583 rel
316 1535 437 1583 externis
449 1535 568 1596 auxiliis,
579 1535 614 1584 de
624 1533 714 1584 salute
725 1533 802 1582 urbis
813 1531 997 1583 confiderent.

245 1601 287 1652 l'l.
308 1604 459 1653 Commisso
474 1604 596 1670 proelio,
617 1602 840 1654 Massiliensibus
855 1616 901 1652 res
917 1601 997 1652 nulla

190 1673 225 1722 ad
241 1675 370 1721 virtutem
383 1671 483 1722 defuit:
505 1674 553 1725 sed
570 1687 706 1724 memores
722 1687 817 1723 eorum
834 1676 998 1738 praecepto-

189 1755 260 1800 rum,
273 1755 343 1807 qune
354 1739 447 1805 paullo
458 1752 525 1794 ante
535 1743 569 1793 ab
579 1744 637 1794 suis
648 1747 824 1808 acceperant,
837 1740 890 1792 boc
900 1741 996 1792 animo

191 1810 385 1870 decertabant,
404 1816 436 1860 nt
456 1813 562 1862 nullum
578 1811 653 1862 alind
663 1818 773 1878 tempus
787 1811 822 1861 ad
838 1809 996 1861 conandum

190 1877 315 1929 babituri
326 1879 502 1944 riderentur,
523 1887 565 1943 et,
585 1882 684 1948 quibus
695 1884 723 1931 in
738 1895 830 1948 pugna
839 1883 913 1931 ritae
925 1883 996 1946 peri·

191 1948 281 1999 culum
294 1947 440 2010 accideret,
452 1965 507 2001 non
519 1951 559 2001 ita
570 1951 657 2001 multo
668 1966 699 2002 se
710 1951 881 2018 reliquorum
893 1951 995 2000 civium

190 2017 277 2068 iatum
290 2018 455 2069 antecedere
466 2022 672 2083 existimarent,
693 2021 804 2088 quibus,
825 2021 893 2072 urbo
904 2026 995 2086 capta,

191 2087 286 2138 endem
308 2094 383 2138 esset
402 2088 467 2139 belli
487 2089 601 2142 fortuna
614 2089 766 2157 patienda.
811 2090 995 2158 Didnctisque

190 2160 292 2209 rrrsstris
304 2157 449 2223 paullatim
460 2161 585 2221 naribus,
607 2167 635 2210 et
646 2159 765 2211 artificio
775 2161 995 2228 gubernatorum

189 2227 337 2281 mobilitati
349 2229 458 2279 navium
469 2230 547 2281 locus
557 2231 676 2281 dabatur
686 2237 727 2294 et,
749 2231 772 2280 si
783 2232 893 2298 qnando
904 2232 994 2281 nostri

189 2297 352 2349 facultatem
366 2301 438 2349 nacti
452 2298 550 2351 ferreis
561 2302 687 2351 manibus
698 2301 810 2352 iniectis
821 2315 919 2351 rnorem
930 2300 993 2351 reli-

189 2373 337 2434 gaverant,
357 2367 477 2434 undique
496 2371 554 2420 suis
572 2371 763 2421 laborantibus
784 2371 992 2422 succurrebant.
1016 2426 1018 2430 v

188 2435 285 2504 Neque
305 2452 371 2488 rero
392 2440 532 2491 coniuncti
552 2441 653 2491 Albicis
669 2443 823 2490 comminus
842 2439 992 2508 pugnando

188 2505 367 2568 ‹leliclebant3
383 2523 473 2574 neque
482 2509 599 2560 multum
611 2509 748 2561 cedebant
757 2512 860 2562 virtute
871 2510 989 2561 nostris:

188 2575 271 2624 simul
281 2589 316 2626 ex
328 2575 481 2628 minoribns
496 2580 610 2629 navibus
624 2582 775 2646 magnaris
786 2583 893 2630 eminus
905 2581 991 2632 missa

187 2643 309 2693 telorum
321 2644 409 2694 multa
419 2649 523 2696 rrostrls
534 2645 581 2711 [de
592 2648 743 2712 improviso
750 2652 755 2712 l
768 2651 989 2714 imprudentibus

108 2733 111 2741 ·
186 2715 269 2776 atque
281 2711 421 2778 impeditis
438 2715 553 2766 vulnera
567 2714 736 2768 inferebant:
758 2722 988 2785 conspicataeque

849 2803 854 2824 l
