2152 3132
141 90 143 95 ’
173 104 225 163 rra
264 154 270 165 ,
361 108 581 162 pennino
600 107 788 170 colomeo

171 228 270 276 unum,
289 212 364 281 quod
375 211 502 265 cohortes
514 227 548 266 ex
559 214 681 266 statione
693 219 722 264 et
731 215 870 282 praesidio
881 227 974 270 essem
1060 236 1061 239 ¹

170 279 296 345 enrissae,
318 289 440 350 questus,
466 299 500 334 nc
511 284 625 335 minimo
635 283 744 351 quidem
757 300 819 335 casu
831 285 920 336 lucum
934 303 974 338 re·

170 353 257 421 linqui
267 352 411 417 debuisse,
440 351 558 404 multum
576 353 715 404 fortunam
732 355 759 404 in
770 355 914 420 repentino
927 354 973 408 bo-

106 465 117 486 ,
169 425 254 476 stium
269 423 389 474 adventu
404 424 528 489 potuisse
543 423 686 486 indicarit;
715 423 804 476 multo
819 426 902 476 ctiam
917 441 974 476 am·

169 495 257 614 plius,
279 493 353 560 quod
366 508 453 559 paene
464 493 499 544 ab
509 494 569 559 ipso
580 492 654 543 rullo
667 494 809 560 portisque
820 500 971 546 castrorum

190 565 306 614 arbaros
318 564 472 614 avertisset.
509 563 633 624 Quarum
645 564 768 613 «amnium
781 578 873 615 rerum
888 567 972 616 maxi·

169 648 214 686 me
225 631 418 684 admirandum
432 632 591 696 ridebatur,
620 632 693 700 quod
706 632 851 696 Germani,
881 636 927 701 qui
938 649 972 686 eo

170 701 287 757 consiiio
308 699 434 754 Rhenum
454 705 637 764 transierant,
665 707 697 751 ut
715 703 884 772 Ambiorigis
903 702 973 754 sines
1062 707 1063 728 ³

170 772 415 840 depopularentur,
435 771 469 822 ad
481 779 573 822 castra
583 772 770 823 Romanorum
783 771 878 835 delati,
898 779 973 840 opta·

169 843 305 892 tissimum
316 841 467 906 Ambiorigi
481 839 645 891 beneficium
657 842 818 892 obtulerint

221 909 319 962 errr.
340 911 452 971 Caesar,
468 925 565 962 rursus
577 908 612 960 ad
621 911 764 974 vexandos
775 909 872 963 hostes
883 912 974 981 proic-

169 987 230 1031 ctus
237 1015 250 1042 ,
265 995 368 1047 magno
380 984 477 1030 coacto
489 992 606 1036 numero
617 992 652 1029 ex
662 980 789 1030 finitimis
801 982 974 1045 civitatibus,

168 1050 198 1098 in
210 1049 308 1103 omues
324 1053 421 1115 partes
437 1047 565 1102 dinrittit.
602 1047 708 1100 Omnes
718 1050 772 1098 rici
783 1056 812 1100 at
833 1065 868 1100 uc
880 1052 975 1102 omnia

169 1116 307 1179 aedificia,
317 1132 388 1186 quae
399 1119 517 1185 quisque
528 1123 723 1184 conspexerat,
734 1067 972 1172 incendebantur:

167 1187 274 1254 pracda
284 1203 318 1239 ex
329 1187 458 1239 omnibus
468 1187 537 1237 iocis
548 1187 697 1253 agebatur:
710 1185 852 1238 frumenta
861 1203 918 1240 non
929 1203 974 1240 so·
1060 1207 1062 1218 ·

167 1255 226 1308 lum
238 1273 255 1309 a
266 1255 821 1325 tantamultitudineiumentorumatque
829 1255 973 1310 bominum

169 1328 419 1388 consumebantur,
447 1325 497 1376 sed
509 1327 672 1390 etiamnum
684 1332 812 1394 tempore
829 1334 913 1396 atque
924 1329 974 1379 im·

168 1397 265 1452 bribus
276 1396 499 1464 procubuerant3
518 1400 560 1454 ut,
580 1398 604 1447 si
615 1397 663 1463 qui
674 1396 759 1447 ctiam
770 1398 799 1446 in
811 1399 974 1465 praesentia

169 1480 200 1519 se
212 1469 409 1528 occultassent,
430 1466 581 1527 rameniis,
596 1465 717 1516 deducto
728 1469 863 1531 exercitu,
878 1482 973 1519 rerum

169 1539 294 1589 omnium
310 1537 406 1604 inopia
419 1534 591 1604 pereundum
606 1534 761 1586 videretur.
796 1537 834 1588 Ac
848 1551 932 1605 saepc
943 1539 972 1587 in

169 1620 232 1657 eum
244 1607 335 1659 locum
344 1611 459 1656 ventum
472 1609 525 1668 est,
547 1610 627 1654 tanto
638 1606 667 1654 in
680 1606 770 1656 omnis
782 1608 870 1672 partis
881 1607 971 1658 diviso

169 1677 315 1742 equitatu,
340 1681 373 1725 ut
383 1674 465 1726 modo
476 1675 565 1725 visum
577 1674 612 1724 ab
623 1689 654 1725 se
664 1674 853 1742 Ambiorigem
863 1677 893 1726 in
903 1675 974 1743 iuga

168 1747 281 1810 captivi,
293 1761 345 1796 nec
355 1744 436 1812 plane
448 1744 533 1795 etiam
545 1743 638 1794 abisse
650 1757 685 1794 ex
695 1751 847 1812 conspectu
857 1750 973 1797 conten·

169 1810 281 1876 dorent,
300 1819 348 1875 ut,
369 1827 417 1881 spe
429 1812 617 1879 consequendi
629 1812 709 1863 iliata
719 1819 802 1880 atque
812 1813 923 1866 infinito
934 1815 973 1868 la·

167 1882 237 1933 bore
248 1887 394 1949 suscepto,
424 1883 471 1949 qui
482 1897 512 1932 so
523 1896 659 1932 summam
671 1883 707 1934 ab
718 1884 838 1935 Caesare
849 1886 972 1952 gratiam

167 1951 291 2004 inituros
303 1957 449 2019 putarent,
471 1965 559 2017 paene
571 1957 699 2002 naturam
711 1952 805 2004 studio
816 1953 972 2017 vincerent,

168 2034 334 2089 semperque
345 2021 467 2089 paullum
478 2020 513 2070 ad
525 2035 659 2070 summam
670 2019 835 2090 felicitatem
846 2021 972 2076 defuisse

168 2091 321 2154 videretur,
333 2097 417 2160 atque
428 2091 473 2142 ille
485 2089 603 2141 latebris
615 2094 664 2141 aut
675 2091 793 2143 saltibus
804 2109 834 2144 sc
846 2095 972 2160 eriperet

169 2167 199 2214 et
210 2168 295 2213 noctu
306 2161 461 2213 occultatus
472 2160 839 2230 aliasrogionespartesquc
850 2169 971 2231 poteret,

168 2248 224 2284 non
236 2234 342 2284 maiore
353 2232 476 2298 equitum
488 2229 643 2297 praesidio,
664 2245 747 2298 quam
758 2237 892 2299 quatuor,
912 2232 970 2298 qui-

169 2301 221 2353 bus
231 2302 300 2353 solis
310 2301 395 2350 vitam
407 2314 485 2351 suam
495 2300 673 2351 committere
684 2300 814 2354 audebat.

219 2371 319 2424 xhrv.
337 2370 401 2421 si'ali
412 2369 494 2420 modo
504 2369 804 2437 vastatisregionibus,
816 2372 972 2424 exercitum

169 2441 274 2494 Caesar
285 2442 402 2493 duamm
413 2438 569 2492 cohortium
581 2438 914 2494 damnoDurooortorum
920 2441 973 2494 Re·

117 2510 128 2532 ¹
167 2525 276 2562 morum
294 2510 416 2573 reducit,
445 2509 620 2576 concilioque
637 2509 666 2559 in
683 2524 745 2561 eum
761 2510 852 2562 locum
862 2510 973 2564 Galliae

167 2581 283 2643 indicto,
294 2581 329 2632 de
340 2580 536 2632 coniuratione
543 2577 684 2631 Senonum
691 2585 721 2630 et
728 2580 881 2633 Carnutum
889 2595 974 2648 quae·

167 2651 288 2702 ctionem
299 2647 403 2702 babere
414 2649 552 2714 instituit3
568 2653 598 2702 et
607 2646 643 2701 de
651 2648 771 2714 Accone,
781 2649 828 2717 qui
838 2647 971 2720 prinecps
