<?xml version="1.0" encoding="UTF-8"?>
<!DOCTYPE html PUBLIC "-//W3C//DTD XHTML 1.0 Transitional//EN"
    "http://www.w3.org/TR/xhtml1/DTD/xhtml1-transitional.dtd">
<html xmlns="http://www.w3.org/1999/xhtml" xml:lang="en" lang="en">
 <head>
  <title>
</title>
<meta http-equiv="Content-Type" content="text/html;charset=utf-8" />
  <meta name='ocr-system' content='tesseract 3.04.00' />
  <meta name='ocr-capabilities' content='ocr_page ocr_carea ocr_par ocr_line ocrx_word'/>
</head>
<body>
  <div class='ocr_page' id='page_1' title='image "./cjuliicaesarisc05caesgoog_0339.png"; bbox 0 0 2152 3144; ppageno 0'>
   <div class='ocr_carea' id='block_1_1' title="bbox 374 188 898 274">
    <p class='ocr_par' dir='ltr' id='par_1_1' title="bbox 374 188 898 274">
     <span class='ocr_line' id='line_1_1' title="bbox 374 188 898 274; baseline 0.008 -32"><span class='ocrx_word' id='word_1_1' title='bbox 374 188 522 274; x_wconf 15' lang='lat' dir='ltr'><strong>urenae</strong></span> <span class='ocrx_word' id='word_1_2' title='bbox 555 193 613 246; x_wconf 89' lang='lat' dir='ltr'><strong>ur.</strong></span> <span class='ocrx_word' id='word_1_3' title='bbox 836 192 898 254; x_wconf 80' lang='lat' dir='ltr'><strong>aas</strong></span> 
     </span>
    </p>
   </div>
   <div class='ocr_carea' id='block_1_2' title="bbox 83 293 966 1549">
    <p class='ocr_par' dir='ltr' id='par_1_2' title="bbox 83 293 966 1549">
     <span class='ocr_line' id='line_1_2' title="bbox 92 293 899 364; baseline 0.004 -19"><span class='ocrx_word' id='word_1_4' title='bbox 92 294 166 346; x_wconf 90' lang='lat' dir='ltr'><strong>diam</strong></span> <span class='ocrx_word' id='word_1_5' title='bbox 187 294 297 344; x_wconf 78' lang='lat' dir='ltr'><strong>narium</strong></span> <span class='ocrx_word' id='word_1_6' title='bbox 318 293 466 361; x_wconf 83' lang='lat' dir='ltr'><strong>longarum</strong></span> <span class='ocrx_word' id='word_1_7' title='bbox 488 296 648 359; x_wconf 79' lang='lat' dir='ltr'><strong>transdidit,</strong></span> <span class='ocrx_word' id='word_1_8' title='bbox 672 311 740 364; x_wconf 89' lang='lat' dir='ltr'><strong>quas</strong></span> <span class='ocrx_word' id='word_1_9' title='bbox 762 311 796 348; x_wconf 81' lang='lat' dir='ltr'><strong>ex</strong></span> <span class='ocrx_word' id='word_1_10' title='bbox 817 296 899 348; x_wconf 85' lang='lat' dir='ltr'><strong>ltalia</strong></span> 
     </span>
     <span class='ocr_line' id='line_1_3' title="bbox 91 351 896 435; baseline 0.004 -21"><span class='ocrx_word' id='word_1_11' title='bbox 91 363 298 415; x_wconf 81' lang='lat' dir='ltr'><strong>transduxerat.</strong></span> <span class='ocrx_word' id='word_1_12' title='bbox 334 363 407 416; x_wconf 87' lang='lat' dir='ltr'>Huic</span> <span class='ocrx_word' id='word_1_13' title='bbox 423 351 514 416; x_wconf 81' lang='lat' dir='ltr'><strong>cilicio</strong></span> <span class='ocrx_word' id='word_1_14' title='bbox 532 367 689 435; x_wconf 86' lang='lat' dir='ltr'><strong>oppidoque</strong></span> <span class='ocrx_word' id='word_1_15' title='bbox 703 365 732 418; x_wconf 87' lang='lat' dir='ltr'><strong>C.</strong></span> <span class='ocrx_word' id='word_1_16' title='bbox 743 365 847 418; x_wconf 75' lang='lat' dir='ltr'><strong>Acilius</strong></span> <span class='ocrx_word' id='word_1_17' title='bbox 858 366 896 418; x_wconf 87' lang='lat' dir='ltr'><strong>le·</strong></span> 
     </span>
     <span class='ocr_line' id='line_1_4' title="bbox 92 427 898 502; baseline 0.001 -17"><span class='ocrx_word' id='word_1_18' title='bbox 92 441 173 500; x_wconf 82' lang='lat' dir='ltr'><strong>gatus</strong></span> <span class='ocrx_word' id='word_1_19' title='bbox 184 438 325 500; x_wconf 81' lang='lat' dir='ltr'><strong>praeerat.</strong></span> <span class='ocrx_word' id='word_1_20' title='bbox 362 427 388 484; x_wconf 86' lang='lat' dir='ltr'><strong>ls</strong></span> <span class='ocrx_word' id='word_1_21' title='bbox 404 439 489 485; x_wconf 89' lang='lat' dir='ltr'><strong>naves</strong></span> <span class='ocrx_word' id='word_1_22' title='bbox 501 436 611 487; x_wconf 81' lang='lat' dir='ltr'><strong>nostras</strong></span> <span class='ocrx_word' id='word_1_23' title='bbox 623 437 787 487; x_wconf 89' lang='lat' dir='ltr'><strong>interiorem</strong></span> <span class='ocrx_word' id='word_1_24' title='bbox 797 439 826 486; x_wconf 92' lang='lat' dir='ltr'><strong>in</strong></span> <span class='ocrx_word' id='word_1_25' title='bbox 837 450 898 502; x_wconf 88' lang='lat' dir='ltr'><strong>par·</strong></span> 
     </span>
     <span class='ocr_line' id='line_1_5' title="bbox 83 499 896 572; baseline 0.002 -18"><span class='ocrx_word' id='word_1_26' title='bbox 83 505 146 556; x_wconf 78' lang='lat' dir='ltr'><strong>‘tem</strong></span> <span class='ocrx_word' id='word_1_27' title='bbox 168 509 232 569; x_wconf 84' lang='lat' dir='ltr'><strong>po&#39;st</strong></span> <span class='ocrx_word' id='word_1_28' title='bbox 253 503 382 570; x_wconf 91' lang='lat' dir='ltr'><strong>oppidum</strong></span> <span class='ocrx_word' id='word_1_29' title='bbox 402 499 516 556; x_wconf 80' lang='lat' dir='ltr'><strong>reduxit</strong></span> <span class='ocrx_word' id='word_1_30' title='bbox 532 511 562 556; x_wconf 88' lang='lat' dir='ltr'><strong>et</strong></span> <span class='ocrx_word' id='word_1_31' title='bbox 577 506 613 557; x_wconf 87' lang='lat' dir='ltr'><strong>ad</strong></span> <span class='ocrx_word' id='word_1_32' title='bbox 628 511 730 557; x_wconf 89' lang='lat' dir='ltr'><strong>terram</strong></span> <span class='ocrx_word' id='word_1_33' title='bbox 754 504 896 572; x_wconf 82' lang='lat' dir='ltr'><strong>deligavit,</strong></span> 
     </span>
     <span class='ocr_line' id='line_1_6' title="bbox 83 574 897 640; baseline 0.002 -16"><span class='ocrx_word' id='word_1_34' title='bbox 83 574 272 640; x_wconf 77' lang='lat' dir='ltr'><strong>&#39;faucibusque</strong></span> <span class='ocrx_word' id='word_1_35' title='bbox 284 579 380 639; x_wconf 90' lang='lat' dir='ltr'><strong>portus</strong></span> <span class='ocrx_word' id='word_1_36' title='bbox 392 590 489 626; x_wconf 88' lang='lat' dir='ltr'><strong>navem</strong></span> <span class='ocrx_word' id='word_1_37' title='bbox 502 575 839 628; x_wconf 83' lang='lat' dir='ltr'><strong>onerariamsubmersam</strong></span> <span class='ocrx_word' id='word_1_38' title='bbox 851 575 897 626; x_wconf 89' lang='lat' dir='ltr'><strong>ob·</strong></span> 
     </span>
     <span class='ocr_line' id='line_1_7' title="bbox 90 641 966 718; baseline 0.001 -25"><span class='ocrx_word' id='word_1_39' title='bbox 90 644 156 694; x_wconf 86' lang='lat' dir='ltr'><strong>iecit</strong></span> <span class='ocrx_word' id='word_1_40' title='bbox 166 649 194 695; x_wconf 89' lang='lat' dir='ltr'><strong>et</strong></span> <span class='ocrx_word' id='word_1_41' title='bbox 205 641 268 693; x_wconf 88' lang='lat' dir='ltr'><strong>huie</strong></span> <span class='ocrx_word' id='word_1_42' title='bbox 280 643 398 694; x_wconf 86' lang='lat' dir='ltr'><strong>alteram</strong></span> <span class='ocrx_word' id='word_1_43' title='bbox 411 645 570 718; x_wconf 85' lang='lat' dir='ltr'><strong>eqniunxit,</strong></span> <span class='ocrx_word' id='word_1_44' title='bbox 591 660 736 712; x_wconf 78' lang='lat' dir='ltr'><strong>superque</strong></span> <span class='ocrx_word' id='word_1_45' title='bbox 748 641 844 696; x_wconf 80' lang='lat' dir='ltr'><strong>turrim</strong></span> <span class='ocrx_word' id='word_1_46' title='bbox 858 643 896 694; x_wconf 90' lang='lat' dir='ltr'><strong>ef·</strong></span> <span class='ocrx_word' id='word_1_47' title='bbox 961 669 966 676; x_wconf 87' lang='lat'><em>·</em></span> 
     </span>
     <span class='ocr_line' id='line_1_8' title="bbox 90 711 895 780; baseline -0.001 -16"><span class='ocrx_word' id='word_1_48' title='bbox 90 713 192 764; x_wconf 81' lang='lat' dir='ltr'><strong>lectam</strong></span> <span class='ocrx_word' id='word_1_49' title='bbox 204 711 237 762; x_wconf 79' lang='lat' dir='ltr'><strong>ad</strong></span> <span class='ocrx_word' id='word_1_50' title='bbox 250 713 339 780; x_wconf 90' lang='lat' dir='ltr'><strong>ipsum</strong></span> <span class='ocrx_word' id='word_1_51' title='bbox 352 714 497 764; x_wconf 88' lang='lat' dir='ltr'><strong>introitum</strong></span> <span class='ocrx_word' id='word_1_52' title='bbox 514 720 613 780; x_wconf 88' lang='lat' dir='ltr'><strong>portus</strong></span> <span class='ocrx_word' id='word_1_53' title='bbox 625 715 752 780; x_wconf 91' lang='lat' dir='ltr'><strong>opposuit</strong></span> <span class='ocrx_word' id='word_1_54' title='bbox 765 720 792 764; x_wconf 87' lang='lat' dir='ltr'><strong>et</strong></span> <span class='ocrx_word' id='word_1_55' title='bbox 805 713 895 764; x_wconf 89' lang='lat' dir='ltr'><strong>militi·</strong></span> 
     </span>
     <span class='ocr_line' id='line_1_9' title="bbox 90 777 894 852; baseline 0.004 -19"><span class='ocrx_word' id='word_1_56' title='bbox 90 784 140 833; x_wconf 85' lang='lat' dir='ltr'><strong>bus</strong></span> <span class='ocrx_word' id='word_1_57' title='bbox 156 777 304 847; x_wconf 87' lang='lat' dir='ltr'><strong>complevit</strong></span> <span class='ocrx_word' id='word_1_58' title='bbox 320 784 507 852; x_wconf 82' lang='lat' dir='ltr'><strong>tuendamque</strong></span> <span class='ocrx_word' id='word_1_59' title='bbox 520 784 554 836; x_wconf 91' lang='lat' dir='ltr'><strong>ad</strong></span> <span class='ocrx_word' id='word_1_60' title='bbox 567 798 662 836; x_wconf 84' lang='lat' dir='ltr'><strong>omnes</strong></span> <span class='ocrx_word' id='word_1_61' title='bbox 678 785 840 851; x_wconf 86' lang='lat' dir='ltr'><strong>repentinos</strong></span> <span class='ocrx_word' id='word_1_62' title='bbox 852 800 894 836; x_wconf 85' lang='lat' dir='ltr'><strong>ca·</strong></span> 
     </span>
     <span class='ocr_line' id='line_1_10' title="bbox 88 852 885 910; baseline 0.001 -7"><span class='ocrx_word' id='word_1_63' title='bbox 88 865 136 903; x_wconf 83' lang='lat' dir='ltr'><strong>sus</strong></span> <span class='ocrx_word' id='word_1_64' title='bbox 148 852 306 905; x_wconf 72' lang='lat' dir='ltr'><strong>transdidit,</strong></span> <span class='ocrx_word' id='word_1_65' title='bbox 882 903 885 910; x_wconf 78' lang='grc'>,</span> 
     </span>
     <span class='ocr_line' id='line_1_11' title="bbox 85 919 896 992; baseline 0.005 -22"><span class='ocrx_word' id='word_1_66' title='bbox 85 923 88 928; x_wconf 94' lang='grc'>’</span> <span class='ocrx_word' id='word_1_67' title='bbox 140 919 199 971; x_wconf 90' lang='lat' dir='ltr'><strong>XL.</strong></span> <span class='ocrx_word' id='word_1_68' title='bbox 220 923 326 984; x_wconf 75' lang='lat' dir='ltr'><strong>Quibus</strong></span> <span class='ocrx_word' id='word_1_69' title='bbox 343 924 462 992; x_wconf 81' lang='lat' dir='ltr'><strong>cognitis</strong></span> <span class='ocrx_word' id='word_1_70' title='bbox 476 925 569 988; x_wconf 90' lang='lat' dir='ltr'><strong>rebus,</strong></span> <span class='ocrx_word' id='word_1_71' title='bbox 590 925 637 976; x_wconf 86' lang='lat' dir='ltr'><strong>Cn.</strong></span> <span class='ocrx_word' id='word_1_72' title='bbox 648 922 797 992; x_wconf 87' lang='lat' dir='ltr'><strong>Pompeius</strong></span> <span class='ocrx_word' id='word_1_73' title='bbox 811 921 896 987; x_wconf 87' lang='lat' dir='ltr'><strong>lilius,</strong></span> 
     </span>
     <span class='ocr_line' id='line_1_12' title="bbox 88 991 895 1072; baseline 0.006 -31"><span class='ocrx_word' id='word_1_74' title='bbox 88 993 136 1060; x_wconf 93' lang='lat' dir='ltr'><strong>qui</strong></span> <span class='ocrx_word' id='word_1_75' title='bbox 148 991 227 1042; x_wconf 81' lang='lat' dir='ltr'><strong>classi</strong></span> <span class='ocrx_word' id='word_1_76' title='bbox 239 994 394 1060; x_wconf 78' lang='lat' dir='ltr'><strong>Aegyptiae</strong></span> <span class='ocrx_word' id='word_1_77' title='bbox 406 999 542 1072; x_wconf 73' lang='lat' dir='ltr'><strong>praeerat,</strong></span> <span class='ocrx_word' id='word_1_78' title='bbox 563 993 598 1045; x_wconf 89' lang='lat' dir='ltr'><strong>ad</strong></span> <span class='ocrx_word' id='word_1_79' title='bbox 611 993 722 1046; x_wconf 87' lang='lat' dir='ltr'><strong>Oricum</strong></span> <span class='ocrx_word' id='word_1_80' title='bbox 734 995 818 1058; x_wconf 82' lang='lat' dir='ltr'><strong>venit,</strong></span> <span class='ocrx_word' id='word_1_81' title='bbox 834 996 895 1046; x_wconf 89' lang='lat' dir='ltr'><strong>sub·</strong></span> 
     </span>
     <span class='ocr_line' id='line_1_13' title="bbox 85 1061 894 1130; baseline 0.002 -18"><span class='ocrx_word' id='word_1_82' title='bbox 85 1061 264 1130; x_wconf 87' lang='lat' dir='ltr'><strong>mersamque</strong></span> <span class='ocrx_word' id='word_1_83' title='bbox 282 1066 385 1126; x_wconf 79' lang='lat' dir='ltr'><strong>navim,</strong></span> <span class='ocrx_word' id='word_1_84' title='bbox 403 1063 529 1114; x_wconf 74' lang='lat' dir='ltr'><strong>vrerrrulco</strong></span> <span class='ocrx_word' id='word_1_85' title='bbox 551 1064 703 1130; x_wconf 88' lang='lat' dir='ltr'><strong>multisque</strong></span> <span class='ocrx_word' id='word_1_86' title='bbox 723 1063 894 1116; x_wconf 88' lang='lat' dir='ltr'><strong>contendens</strong></span> 
     </span>
     <span class='ocr_line' id='line_1_14' title="bbox 88 1131 894 1202; baseline 0.005 -20"><span class='ocrx_word' id='word_1_87' title='bbox 88 1131 210 1194; x_wconf 84' lang='lat' dir='ltr'><strong>lurribus,</strong></span> <span class='ocrx_word' id='word_1_88' title='bbox 230 1131 360 1196; x_wconf 82' lang='lat' dir='ltr'><strong>arlduxit3</strong></span> <span class='ocrx_word' id='word_1_89' title='bbox 381 1138 464 1200; x_wconf 88' lang='lat' dir='ltr'><strong>atqu&#39;e</strong></span> <span class='ocrx_word' id='word_1_90' title='bbox 481 1134 597 1185; x_wconf 84' lang='lat' dir='ltr'><strong>alteram</strong></span> <span class='ocrx_word' id='word_1_91' title='bbox 615 1149 723 1196; x_wconf 86' lang='lat' dir='ltr'><strong>narem,</strong></span> <span class='ocrx_word' id='word_1_92' title='bbox 744 1132 815 1202; x_wconf 86' lang='lat' dir='ltr'><strong>quae</strong></span> <span class='ocrx_word' id='word_1_93' title='bbox 833 1141 894 1194; x_wconf 73' lang='lat' dir='ltr'><strong>erat</strong></span> 
     </span>
     <span class='ocr_line' id='line_1_15' title="bbox 86 1201 894 1270; baseline 0.007 -18"><span class='ocrx_word' id='word_1_94' title='bbox 86 1201 123 1252; x_wconf 88' lang='lat' dir='ltr'><strong>ad</strong></span> <span class='ocrx_word' id='word_1_95' title='bbox 144 1202 297 1252; x_wconf 87' lang='lat' dir='ltr'><strong>custodiam</strong></span> <span class='ocrx_word' id='word_1_96' title='bbox 320 1204 354 1254; x_wconf 91' lang='lat' dir='ltr'><strong>ab</strong></span> <span class='ocrx_word' id='word_1_97' title='bbox 371 1203 456 1253; x_wconf 83' lang='lat' dir='ltr'><strong>Acilio</strong></span> <span class='ocrx_word' id='word_1_98' title='bbox 477 1205 576 1269; x_wconf 88' lang='lat' dir='ltr'><strong>posita,</strong></span> <span class='ocrx_word' id='word_1_99' title='bbox 597 1203 723 1270; x_wconf 88' lang='lat' dir='ltr'><strong>pluribus</strong></span> <span class='ocrx_word' id='word_1_100' title='bbox 745 1203 894 1270; x_wconf 77' lang='lat' dir='ltr'><strong>adgressus</strong></span> 
     </span>
     <span class='ocr_line' id='line_1_16' title="bbox 86 1272 893 1339; baseline 0.004 -17"><span class='ocrx_word' id='word_1_101' title='bbox 86 1273 211 1334; x_wconf 78' lang='lat' dir='ltr'><strong>anavibus,</strong></span> <span class='ocrx_word' id='word_1_102' title='bbox 230 1273 258 1322; x_wconf 93' lang='lat' dir='ltr'><strong>in</strong></span> <span class='ocrx_word' id='word_1_103' title='bbox 274 1273 373 1339; x_wconf 87' lang='lat' dir='ltr'><strong>quibus</strong></span> <span class='ocrx_word' id='word_1_104' title='bbox 389 1272 425 1322; x_wconf 92' lang='lat' dir='ltr'><strong>ad</strong></span> <span class='ocrx_word' id='word_1_105' title='bbox 440 1273 540 1324; x_wconf 87' lang='lat' dir='ltr'><strong>libram</strong></span> <span class='ocrx_word' id='word_1_106' title='bbox 562 1273 669 1325; x_wconf 80' lang='lat' dir='ltr'><strong>lecerat</strong></span> <span class='ocrx_word' id='word_1_107' title='bbox 691 1279 794 1335; x_wconf 89' lang='lat' dir='ltr'><strong>turres,</strong></span> <span class='ocrx_word' id='word_1_108' title='bbox 815 1281 847 1323; x_wconf 92' lang='lat' dir='ltr'><strong>ut</strong></span> <span class='ocrx_word' id='word_1_109' title='bbox 859 1287 893 1325; x_wconf 85' lang='lat' dir='ltr'><strong>ex</strong></span> 
     </span>
     <span class='ocr_line' id='line_1_17' title="bbox 85 1339 894 1410; baseline -0.001 -18"><span class='ocrx_word' id='word_1_110' title='bbox 85 1343 230 1408; x_wconf 83' lang='lat' dir='ltr'><strong>superiore</strong></span> <span class='ocrx_word' id='word_1_111' title='bbox 245 1356 372 1409; x_wconf 81' lang='lat' dir='ltr'><strong>pugnans</strong></span> <span class='ocrx_word' id='word_1_112' title='bbox 389 1341 463 1403; x_wconf 90' lang='lat' dir='ltr'><strong>loco,</strong></span> <span class='ocrx_word' id='word_1_113' title='bbox 484 1343 662 1410; x_wconf 84' lang='lat' dir='ltr'><strong>integrosque</strong></span> <span class='ocrx_word' id='word_1_114' title='bbox 674 1357 782 1407; x_wconf 90' lang='lat' dir='ltr'><strong>semper</strong></span> <span class='ocrx_word' id='word_1_115' title='bbox 794 1339 894 1405; x_wconf 65' lang='lat' dir='ltr'><strong>delati}</strong></span> 
     </span>
     <span class='ocr_line' id='line_1_18' title="bbox 85 1410 893 1480; baseline 0.002 -20"><span class='ocrx_word' id='word_1_116' title='bbox 85 1413 158 1480; x_wconf 79' lang='lat' dir='ltr'><strong>gatis</strong></span> <span class='ocrx_word' id='word_1_117' title='bbox 170 1411 349 1474; x_wconf 80' lang='lat' dir='ltr'><strong>submittens,</strong></span> <span class='ocrx_word' id='word_1_118' title='bbox 372 1417 400 1461; x_wconf 86' lang='lat' dir='ltr'><strong>ct</strong></span> <span class='ocrx_word' id='word_1_119' title='bbox 411 1413 526 1479; x_wconf 85' lang='lat' dir='ltr'><strong>reliquis</strong></span> <span class='ocrx_word' id='word_1_120' title='bbox 539 1414 663 1478; x_wconf 87' lang='lat' dir='ltr'><strong>portibus</strong></span> <span class='ocrx_word' id='word_1_121' title='bbox 674 1410 757 1462; x_wconf 90' lang='lat' dir='ltr'><strong>simul</strong></span> <span class='ocrx_word' id='word_1_122' title='bbox 770 1425 803 1462; x_wconf 89' lang='lat' dir='ltr'><strong>cx</strong></span> <span class='ocrx_word' id='word_1_123' title='bbox 815 1417 893 1463; x_wconf 82' lang='lat' dir='ltr'><strong>terra</strong></span> 
     </span>
     <span class='ocr_line' id='line_1_19' title="bbox 84 1480 893 1549; baseline -0.001 -18"><span class='ocrx_word' id='word_1_124' title='bbox 84 1481 167 1531; x_wconf 88' lang='lat' dir='ltr'><strong>scalis</strong></span> <span class='ocrx_word' id='word_1_125' title='bbox 184 1486 213 1531; x_wconf 91' lang='lat' dir='ltr'><strong>et</strong></span> <span class='ocrx_word' id='word_1_126' title='bbox 229 1480 317 1532; x_wconf 87' lang='lat' dir='ltr'><strong>classe</strong></span> <span class='ocrx_word' id='word_1_127' title='bbox 333 1483 445 1532; x_wconf 85' lang='lat' dir='ltr'><strong>moenia</strong></span> <span class='ocrx_word' id='word_1_128' title='bbox 461 1482 554 1549; x_wconf 83' lang='lat' dir='ltr'><strong>oppidi</strong></span> <span class='ocrx_word' id='word_1_129' title='bbox 565 1489 686 1543; x_wconf 84' lang='lat' dir='ltr'><strong>tentans,</strong></span> <span class='ocrx_word' id='word_1_130' title='bbox 707 1481 749 1531; x_wconf 93' lang='lat' dir='ltr'><strong>uti</strong></span> <span class='ocrx_word' id='word_1_131' title='bbox 765 1481 893 1532; x_wconf 75' lang='lat' dir='ltr'><strong>adverse·</strong></span> 
     </span>
    </p>
   </div>
   <div class='ocr_carea' id='block_1_3' title="bbox 3 1550 892 1613">
    <p class='ocr_par' dir='ltr' id='par_1_3' title="bbox 3 1550 892 1613">
     <span class='ocr_line' id='line_1_20' title="bbox 3 1550 892 1613; baseline 0 -11"><span class='ocrx_word' id='word_1_132' title='bbox 3 1553 4 1558; x_wconf 77' lang='grc'>’</span> <span class='ocrx_word' id='word_1_133' title='bbox 83 1552 190 1602; x_wconf 88' lang='lat' dir='ltr'><strong>riorum</strong></span> <span class='ocrx_word' id='word_1_134' title='bbox 203 1565 300 1601; x_wconf 82' lang='lat' dir='ltr'><strong>nrarrus</strong></span> <span class='ocrx_word' id='word_1_135' title='bbox 312 1550 467 1613; x_wconf 83' lang='lat' dir='ltr'><strong>diduceret,</strong></span> <span class='ocrx_word' id='word_1_136' title='bbox 482 1553 578 1604; x_wconf 90' lang='lat' dir='ltr'><strong>labore</strong></span> <span class='ocrx_word' id='word_1_137' title='bbox 592 1558 620 1603; x_wconf 89' lang='lat' dir='ltr'><strong>et</strong></span> <span class='ocrx_word' id='word_1_138' title='bbox 632 1550 810 1602; x_wconf 90' lang='lat' dir='ltr'><strong>multitudine</strong></span> <span class='ocrx_word' id='word_1_139' title='bbox 823 1550 892 1602; x_wconf 86' lang='lat' dir='ltr'><strong>telo·</strong></span> 
     </span>
    </p>
   </div>
   <div class='ocr_carea' id='block_1_4' title="bbox 81 1619 995 2877">
    <p class='ocr_par' dir='ltr' id='par_1_4' title="bbox 81 1619 995 2877">
     <span class='ocr_line' id='line_1_21' title="bbox 83 1619 891 1688; baseline -0.001 -17"><span class='ocrx_word' id='word_1_140' title='bbox 83 1636 146 1671; x_wconf 89' lang='lat' dir='ltr'><strong>rum</strong></span> <span class='ocrx_word' id='word_1_141' title='bbox 159 1624 271 1671; x_wconf 77' lang='lat' dir='ltr'><strong>nostros</strong></span> <span class='ocrx_word' id='word_1_142' title='bbox 282 1622 360 1671; x_wconf 82' lang='lat' dir='ltr'><strong>vicit:</strong></span> <span class='ocrx_word' id='word_1_143' title='bbox 372 1620 545 1688; x_wconf 85' lang='lat' dir='ltr'><strong>delectisque</strong></span> <span class='ocrx_word' id='word_1_144' title='bbox 558 1619 760 1684; x_wconf 82' lang='lat' dir='ltr'><strong>defensoribus,</strong></span> <span class='ocrx_word' id='word_1_145' title='bbox 776 1623 823 1685; x_wconf 88' lang='lat' dir='ltr'><strong>qui</strong></span> <span class='ocrx_word' id='word_1_146' title='bbox 836 1637 891 1672; x_wconf 92' lang='lat' dir='ltr'><strong>om·</strong></span> 
     </span>
     <span class='ocr_line' id='line_1_22' title="bbox 83 1688 891 1759; baseline 0 -19"><span class='ocrx_word' id='word_1_147' title='bbox 83 1705 133 1740; x_wconf 87' lang='lat' dir='ltr'><strong>nes</strong></span> <span class='ocrx_word' id='word_1_148' title='bbox 144 1688 253 1755; x_wconf 87' lang='lat' dir='ltr'><strong>scaphis</strong></span> <span class='ocrx_word' id='word_1_149' title='bbox 265 1691 374 1757; x_wconf 85' lang='lat' dir='ltr'><strong>excepti</strong></span> <span class='ocrx_word' id='word_1_150' title='bbox 385 1689 559 1759; x_wconf 84' lang='lat' dir='ltr'><strong>refugerant,</strong></span> <span class='ocrx_word' id='word_1_151' title='bbox 572 1706 740 1748; x_wconf 83' lang='lat' dir='ltr'><strong>corruerem</strong></span> <span class='ocrx_word' id='word_1_152' title='bbox 752 1705 891 1758; x_wconf 84' lang='lat' dir='ltr'><strong>expugna·</strong></span> 
     </span>
     <span class='ocr_line' id='line_1_23' title="bbox 82 1760 892 1829; baseline 0 -19"><span class='ocrx_word' id='word_1_153' title='bbox 82 1761 133 1821; x_wconf 84' lang='lat' dir='ltr'><strong>rit;</strong></span> <span class='ocrx_word' id='word_1_154' title='bbox 148 1761 301 1828; x_wconf 88' lang='lat' dir='ltr'><strong>eodemque</strong></span> <span class='ocrx_word' id='word_1_155' title='bbox 312 1765 440 1827; x_wconf 89' lang='lat' dir='ltr'><strong>tempore</strong></span> <span class='ocrx_word' id='word_1_156' title='bbox 450 1777 484 1812; x_wconf 80' lang='lat' dir='ltr'><strong>ex</strong></span> <span class='ocrx_word' id='word_1_157' title='bbox 494 1762 584 1812; x_wconf 88' lang='lat' dir='ltr'><strong>altera</strong></span> <span class='ocrx_word' id='word_1_158' title='bbox 595 1766 674 1829; x_wconf 90' lang='lat' dir='ltr'><strong>parte</strong></span> <span class='ocrx_word' id='word_1_159' title='bbox 687 1760 788 1812; x_wconf 89' lang='lat' dir='ltr'><strong>molem</strong></span> <span class='ocrx_word' id='word_1_160' title='bbox 800 1762 892 1828; x_wconf 74' lang='lat' dir='ltr'><strong>tenuitv</strong></span> 
     </span>
     <span class='ocr_line' id='line_1_24' title="bbox 83 1830 889 1899; baseline 0 -19"><span class='ocrx_word' id='word_1_161' title='bbox 83 1830 240 1881; x_wconf 88' lang='lat' dir='ltr'><strong>naturalem</strong></span> <span class='ocrx_word' id='word_1_162' title='bbox 253 1831 403 1894; x_wconf 89' lang='lat' dir='ltr'><strong>obiectam,</strong></span> <span class='ocrx_word' id='word_1_163' title='bbox 414 1837 493 1898; x_wconf 87' lang='lat' dir='ltr'><strong>&#39;quac</strong></span> <span class='ocrx_word' id='word_1_164' title='bbox 505 1847 592 1899; x_wconf 85' lang='lat' dir='ltr'><strong>paene</strong></span> <span class='ocrx_word' id='word_1_165' title='bbox 603 1831 721 1883; x_wconf 85' lang='lat' dir='ltr'><strong>insulam</strong></span> <span class='ocrx_word' id='word_1_166' title='bbox 735 1837 833 1882; x_wconf 88' lang='lat' dir='ltr'><strong>contra</strong></span> <span class='ocrx_word' id='word_1_167' title='bbox 844 1845 889 1896; x_wconf 87' lang='lat' dir='ltr'><strong>op-</strong></span> 
     </span>
     <span class='ocr_line' id='line_1_25' title="bbox 84 1899 891 1971; baseline 0.002 -22"><span class='ocrx_word' id='word_1_168' title='bbox 84 1899 177 1968; x_wconf 88' lang='lat' dir='ltr'><strong>pidum</strong></span> <span class='ocrx_word' id='word_1_169' title='bbox 191 1899 333 1964; x_wconf 81' lang='lat' dir='ltr'><strong>effecerat,</strong></span> <span class='ocrx_word' id='word_1_170' title='bbox 345 1916 401 1968; x_wconf 90' lang='lat' dir='ltr'><strong>qua</strong></span> <span class='ocrx_word' id='word_1_171' title='bbox 412 1908 533 1968; x_wconf 86' lang='lat' dir='ltr'><strong>quotuor</strong></span> <span class='ocrx_word' id='word_1_172' title='bbox 544 1903 674 1965; x_wconf 88' lang='lat' dir='ltr'><strong>biremes,</strong></span> <span class='ocrx_word' id='word_1_173' title='bbox 686 1901 818 1954; x_wconf 85' lang='lat' dir='ltr'><strong>subiectis</strong></span> <span class='ocrx_word' id='word_1_174' title='bbox 830 1917 891 1971; x_wconf 86' lang='lat' dir='ltr'><strong>scu-¹</strong></span> 
     </span>
     <span class='ocr_line' id='line_1_26' title="bbox 81 1970 890 2037; baseline 0.002 -17"><span class='ocrx_word' id='word_1_175' title='bbox 81 1970 163 2031; x_wconf 91' lang='lat' dir='ltr'><strong>tulis,</strong></span> <span class='ocrx_word' id='word_1_176' title='bbox 185 1970 318 2037; x_wconf 84' lang='lat' dir='ltr'><strong>impulsas</strong></span> <span class='ocrx_word' id='word_1_177' title='bbox 328 1971 451 2022; x_wconf 62' lang='lat' dir='ltr'><strong>‘vectibus</strong></span> <span class='ocrx_word' id='word_1_178' title='bbox 463 1973 490 2023; x_wconf 93' lang='lat' dir='ltr'><strong>in</strong></span> <span class='ocrx_word' id='word_1_179' title='bbox 502 1975 664 2024; x_wconf 86' lang='lat' dir='ltr'><strong>interiorem</strong></span> <span class='ocrx_word' id='word_1_180' title='bbox 680 1978 786 2037; x_wconf 89' lang='lat' dir='ltr'><strong>partem</strong></span> <span class='ocrx_word' id='word_1_181' title='bbox 800 1978 890 2022; x_wconf 89' lang='lat' dir='ltr'><strong>trans·</strong></span> 
     </span>
     <span class='ocr_line' id='line_1_27' title="bbox 82 2039 889 2112; baseline -0.004 -20"><span class='ocrx_word' id='word_1_182' title='bbox 82 2039 170 2092; x_wconf 86' lang='lat' dir='ltr'><strong>duxit.</strong></span> <span class='ocrx_word' id='word_1_183' title='bbox 202 2041 244 2090; x_wconf 88' lang='lat' dir='ltr'><strong>lta</strong></span> <span class='ocrx_word' id='word_1_184' title='bbox 255 2056 290 2092; x_wconf 76' lang='lat' dir='ltr'><strong>ex</strong></span> <span class='ocrx_word' id='word_1_185' title='bbox 301 2046 421 2110; x_wconf 87' lang='lat' dir='ltr'><strong>utraque</strong></span> <span class='ocrx_word' id='word_1_186' title='bbox 433 2049 511 2107; x_wconf 88' lang='lat' dir='ltr'><strong>parte</strong></span> <span class='ocrx_word' id='word_1_187' title='bbox 523 2059 605 2094; x_wconf 84' lang='lat' dir='ltr'><strong>nares</strong></span> <span class='ocrx_word' id='word_1_188' title='bbox 617 2043 718 2112; x_wconf 81' lang='lat' dir='ltr'><strong>longas</strong></span> <span class='ocrx_word' id='word_1_189' title='bbox 729 2041 889 2108; x_wconf 81' lang='lat' dir='ltr'><strong>adgressus,</strong></span> 
     </span>
     <span class='ocr_line' id='line_1_28' title="bbox 83 2109 889 2179; baseline 0.002 -21"><span class='ocrx_word' id='word_1_190' title='bbox 83 2123 153 2176; x_wconf 89' lang='lat' dir='ltr'><strong>quae</strong></span> <span class='ocrx_word' id='word_1_191' title='bbox 171 2115 252 2160; x_wconf 88' lang='lat' dir='ltr'><strong>erant</strong></span> <span class='ocrx_word' id='word_1_192' title='bbox 272 2109 410 2178; x_wconf 81' lang='lat' dir='ltr'><strong>deligatae</strong></span> <span class='ocrx_word' id='word_1_193' title='bbox 424 2111 458 2162; x_wconf 88' lang='lat' dir='ltr'><strong>ad</strong></span> <span class='ocrx_word' id='word_1_194' title='bbox 470 2118 571 2164; x_wconf 86' lang='lat' dir='ltr'><strong>terram</strong></span> <span class='ocrx_word' id='word_1_195' title='bbox 593 2119 676 2179; x_wconf 90' lang='lat' dir='ltr'><strong>atque</strong></span> <span class='ocrx_word' id='word_1_196' title='bbox 698 2112 803 2172; x_wconf 86' lang='lat' dir='ltr'><strong>inanes,</strong></span> <span class='ocrx_word' id='word_1_197' title='bbox 825 2125 889 2177; x_wconf 87' lang='lat' dir='ltr'><strong>qua·</strong></span> 
     </span>
     <span class='ocr_line' id='line_1_29' title="bbox 82 2177 888 2249; baseline 0.002 -21"><span class='ocrx_word' id='word_1_198' title='bbox 82 2184 148 2228; x_wconf 86' lang='lat' dir='ltr'><strong>tuor</strong></span> <span class='ocrx_word' id='word_1_199' title='bbox 159 2193 192 2228; x_wconf 90' lang='lat' dir='ltr'><strong>ex</strong></span> <span class='ocrx_word' id='word_1_200' title='bbox 204 2177 247 2228; x_wconf 89' lang='lat' dir='ltr'><strong>bis</strong></span> <span class='ocrx_word' id='word_1_201' title='bbox 259 2180 382 2243; x_wconf 80' lang='lat' dir='ltr'><strong>abduxit,</strong></span> <span class='ocrx_word' id='word_1_202' title='bbox 395 2181 516 2249; x_wconf 85' lang='lat' dir='ltr'><strong>reliquas</strong></span> <span class='ocrx_word' id='word_1_203' title='bbox 528 2183 658 2233; x_wconf 89' lang='lat' dir='ltr'><strong>incendit.</strong></span> <span class='ocrx_word' id='word_1_204' title='bbox 687 2181 749 2231; x_wconf 87' lang='lat' dir='ltr'><strong>Hoc</strong></span> <span class='ocrx_word' id='word_1_205' title='bbox 761 2179 888 2230; x_wconf 87' lang='lat' dir='ltr'><strong>conlecto</strong></span> 
     </span>
     <span class='ocr_line' id='line_1_30' title="bbox 83 2247 888 2314; baseline 0.001 -17"><span class='ocrx_word' id='word_1_206' title='bbox 83 2248 205 2314; x_wconf 82' lang='lat' dir='ltr'><strong>negotio,</strong></span> <span class='ocrx_word' id='word_1_207' title='bbox 224 2247 255 2297; x_wconf 83' lang='lat' dir='ltr'><strong>l).</strong></span> <span class='ocrx_word' id='word_1_208' title='bbox 268 2247 395 2300; x_wconf 85' lang='lat' dir='ltr'><strong>Laelium</strong></span> <span class='ocrx_word' id='word_1_209' title='bbox 408 2251 441 2300; x_wconf 92' lang='lat' dir='ltr'><strong>ab</strong></span> <span class='ocrx_word' id='word_1_210' title='bbox 453 2250 574 2302; x_wconf 81' lang='lat' dir='ltr'><strong>Asiatica</strong></span> <span class='ocrx_word' id='word_1_211' title='bbox 586 2252 672 2302; x_wconf 87' lang='lat' dir='ltr'><strong>classe</strong></span> <span class='ocrx_word' id='word_1_212' title='bbox 685 2248 834 2300; x_wconf 86' lang='lat' dir='ltr'><strong>abductum</strong></span> <span class='ocrx_word' id='word_1_213' title='bbox 846 2264 888 2300; x_wconf 83' lang='lat' dir='ltr'><strong>re·</strong></span> 
     </span>
     <span class='ocr_line' id='line_1_31' title="bbox 82 2317 890 2388; baseline 0 -21"><span class='ocrx_word' id='word_1_214' title='bbox 82 2317 173 2383; x_wconf 84' lang='lat' dir='ltr'><strong>liquit,</strong></span> <span class='ocrx_word' id='word_1_215' title='bbox 191 2318 237 2383; x_wconf 90' lang='lat' dir='ltr'><strong>qui</strong></span> <span class='ocrx_word' id='word_1_216' title='bbox 249 2324 419 2368; x_wconf 89' lang='lat' dir='ltr'><strong>commeatus</strong></span> <span class='ocrx_word' id='word_1_217' title='bbox 432 2319 541 2370; x_wconf 89' lang='lat' dir='ltr'><strong>Bullide</strong></span> <span class='ocrx_word' id='word_1_218' title='bbox 553 2326 636 2388; x_wconf 87' lang='lat' dir='ltr'><strong>atque</strong></span> <span class='ocrx_word' id='word_1_219' title='bbox 647 2320 778 2372; x_wconf 82' lang='lat' dir='ltr'><strong>Anrautia</strong></span> <span class='ocrx_word' id='word_1_220' title='bbox 788 2319 890 2382; x_wconf 89' lang='lat' dir='ltr'><strong>impor-</strong></span> 
     </span>
     <span class='ocr_line' id='line_1_32' title="bbox 82 2368 995 2506; baseline 0 -70"><span class='ocrx_word' id='word_1_221' title='bbox 82 2387 137 2438; x_wconf 85' lang='lat' dir='ltr'><strong>tari</strong></span> <span class='ocrx_word' id='word_1_222' title='bbox 149 2387 177 2436; x_wconf 93' lang='lat' dir='ltr'><strong>in</strong></span> <span class='ocrx_word' id='word_1_223' title='bbox 190 2385 318 2452; x_wconf 92' lang='lat' dir='ltr'><strong>oppidum</strong></span> <span class='ocrx_word' id='word_1_224' title='bbox 329 2368 506 2506; x_wconf 56' lang='lat' dir='ltr'><strong>Pl⁰l¹lllqill³l³</strong></span> <span class='ocrx_word' id='word_1_225' title='bbox 528 2391 594 2454; x_wconf 89' lang='lat' dir='ltr'><strong>ipse,</strong></span> <span class='ocrx_word' id='word_1_226' title='bbox 615 2390 726 2440; x_wconf 83' lang='lat' dir='ltr'><strong>Lissum</strong></span> <span class='ocrx_word' id='word_1_227' title='bbox 738 2385 889 2454; x_wconf 84' lang='lat' dir='ltr'><strong>profectus,</strong></span> <span class='ocrx_word' id='word_1_228' title='bbox 983 2413 995 2428; x_wconf 60' lang='grc' dir='ltr'><em>ι</em></span> 
     </span>
     <span class='ocr_line' id='line_1_33' title="bbox 82 2457 887 2524; baseline 0.002 -17"><span class='ocrx_word' id='word_1_229' title='bbox 82 2472 167 2507; x_wconf 85' lang='lat' dir='ltr'><strong>nares</strong></span> <span class='ocrx_word' id='word_1_230' title='bbox 179 2457 322 2508; x_wconf 89' lang='lat' dir='ltr'><strong>onerarias</strong></span> <span class='ocrx_word' id='word_1_231' title='bbox 334 2458 418 2524; x_wconf 80' lang='lat' dir='ltr'><strong>trigin</strong></span> <span class='ocrx_word' id='word_1_232' title='bbox 433 2459 458 2520; x_wconf 76' lang='lat' dir='ltr'><strong>a,</strong></span> <span class='ocrx_word' id='word_1_233' title='bbox 470 2473 486 2508; x_wconf 92' lang='lat' dir='ltr'><strong>a</strong></span> <span class='ocrx_word' id='word_1_234' title='bbox 497 2457 664 2511; x_wconf 77' lang='lat' dir='ltr'><strong>M.Antonio‘</strong></span> <span class='ocrx_word' id='word_1_235' title='bbox 675 2457 800 2522; x_wconf 85' lang='lat' dir='ltr'><strong>relictas,</strong></span> <span class='ocrx_word' id='word_1_236' title='bbox 811 2457 887 2510; x_wconf 87' lang='lat' dir='ltr'><strong>intra</strong></span> 
     </span>
     <span class='ocr_line' id='line_1_34' title="bbox 84 2525 886 2596; baseline 0.002 -20"><span class='ocrx_word' id='word_1_237' title='bbox 84 2533 194 2596; x_wconf 83' lang='lat' dir='ltr'><strong>portum</strong></span> <span class='ocrx_word' id='word_1_238' title='bbox 206 2525 353 2595; x_wconf 83' lang='lat' dir='ltr'><strong>adgressus</strong></span> <span class='ocrx_word' id='word_1_239' title='bbox 365 2543 459 2578; x_wconf 85' lang='lat' dir='ltr'><strong>onrrres</strong></span> <span class='ocrx_word' id='word_1_240' title='bbox 470 2528 606 2582; x_wconf 87' lang='lat' dir='ltr'><strong>incendit:</strong></span> <span class='ocrx_word' id='word_1_241' title='bbox 626 2529 736 2590; x_wconf 87' lang='lat' dir='ltr'><strong>Lissum</strong></span> <span class='ocrx_word' id='word_1_242' title='bbox 749 2543 886 2595; x_wconf 84' lang='lat' dir='ltr'><strong>expugno-</strong></span> 
     </span>
     <span class='ocr_line' id='line_1_35' title="bbox 83 2595 886 2665; baseline 0.005 -17"><span class='ocrx_word' id='word_1_243' title='bbox 83 2612 114 2648; x_wconf 90' lang='lat' dir='ltr'><strong>re</strong></span> <span class='ocrx_word' id='word_1_244' title='bbox 126 2601 251 2660; x_wconf 87' lang='lat' dir='ltr'><strong>conatus,</strong></span> <span class='ocrx_word' id='word_1_245' title='bbox 267 2595 478 2648; x_wconf 79' lang='lat' dir='ltr'><strong>defendentibus</strong></span> <span class='ocrx_word' id='word_1_246' title='bbox 490 2600 593 2652; x_wconf 89' lang='lat' dir='ltr'><strong>civibus</strong></span> <span class='ocrx_word' id='word_1_247' title='bbox 605 2599 748 2661; x_wconf 88' lang='lat' dir='ltr'><strong>Romanis,</strong></span> <span class='ocrx_word' id='word_1_248' title='bbox 770 2599 815 2665; x_wconf 93' lang='lat' dir='ltr'><strong>qui</strong></span> <span class='ocrx_word' id='word_1_249' title='bbox 827 2600 886 2652; x_wconf 83' lang='lat' dir='ltr'><strong>eius</strong></span> 
     </span>
     <span class='ocr_line' id='line_1_36' title="bbox 83 2662 885 2738; baseline 0.004 -20"><span class='ocrx_word' id='word_1_250' title='bbox 83 2673 235 2718; x_wconf 87' lang='lat' dir='ltr'><strong>conventus</strong></span> <span class='ocrx_word' id='word_1_251' title='bbox 247 2673 337 2732; x_wconf 87' lang='lat' dir='ltr'><strong>erant,</strong></span> <span class='ocrx_word' id='word_1_252' title='bbox 349 2667 549 2736; x_wconf 90' lang='lat' dir='ltr'><strong>militibusque,</strong></span> <span class='ocrx_word' id='word_1_253' title='bbox 560 2662 632 2738; x_wconf 67' lang='lat' dir='ltr'><strong>&#39;quos</strong></span> <span class='ocrx_word' id='word_1_254' title='bbox 644 2669 774 2737; x_wconf 85' lang='lat' dir='ltr'><strong>praesidii</strong></span> <span class='ocrx_word' id='word_1_255' title='bbox 787 2665 885 2721; x_wconf 79' lang='lat' dir='ltr'><strong>caussa</strong></span> 
     </span>
     <span class='ocr_line' id='line_1_37' title="bbox 84 2735 883 2812; baseline 0.001 -22"><span class='ocrx_word' id='word_1_256' title='bbox 84 2739 198 2790; x_wconf 86' lang='lat' dir='ltr'><strong>miseret</strong></span> <span class='ocrx_word' id='word_1_257' title='bbox 210 2737 321 2800; x_wconf 85' lang='lat' dir='ltr'><strong>Caesar,</strong></span> <span class='ocrx_word' id='word_1_258' title='bbox 343 2739 464 2792; x_wconf 89' lang='lat' dir='ltr'><strong>triduum</strong></span> <span class='ocrx_word' id='word_1_259' title='bbox 486 2748 621 2804; x_wconf 86' lang='lat' dir='ltr'><strong>moratus,</strong></span> <span class='ocrx_word' id='word_1_260' title='bbox 645 2743 738 2810; x_wconf 83' lang='lat' dir='ltr'><strong>paucis</strong></span> <span class='ocrx_word' id='word_1_261' title='bbox 755 2742 782 2792; x_wconf 91' lang='lat' dir='ltr'><strong>in</strong></span> <span class='ocrx_word' id='word_1_262' title='bbox 801 2735 883 2812; x_wconf 86' lang='lat' dir='ltr'><strong>oppu·</strong></span> 
     </span>
     <span class='ocr_line' id='line_1_38' title="bbox 83 2805 729 2877; baseline 0.006 -17"><span class='ocrx_word' id='word_1_263' title='bbox 83 2808 215 2877; x_wconf 70' lang='lat' dir='ltr'><strong>qnatione</strong></span> <span class='ocrx_word' id='word_1_264' title='bbox 226 2809 343 2877; x_wconf 77' lang='lat' dir='ltr'><strong>amissis,</strong></span> <span class='ocrx_word' id='word_1_265' title='bbox 357 2825 385 2861; x_wconf 91' lang='lat' dir='ltr'><strong>re</strong></span> <span class='ocrx_word' id='word_1_266' title='bbox 397 2805 507 2874; x_wconf 85' lang='lat' dir='ltr'><strong>inlecta,</strong></span> <span class='ocrx_word' id='word_1_267' title='bbox 518 2813 583 2866; x_wconf 88' lang='lat' dir='ltr'><strong>inde</strong></span> <span class='ocrx_word' id='word_1_268' title='bbox 595 2813 729 2865; x_wconf 84' lang='lat' dir='ltr'><strong>discessit.</strong></span> 
     </span>
    </p>
   </div>
   <div class='ocr_carea' id='block_1_5' title="bbox 0 0 1080 3144">
    <p class='ocr_par' dir='ltr' id='par_1_5' title="bbox 0 0 1080 3144">
     <span class='ocr_line' id='line_1_39' title="bbox 0 0 1080 3144; baseline 0 4"><span class='ocrx_word' id='word_1_269' title='bbox 0 0 1080 3144; x_wconf 95' lang='lat' dir='ltr'><strong> </strong></span> 
     </span>
    </p>
   </div>
  </div>
 </body>
</html>
