2168 3134
178 141 231 196 sm
368 143 423 195 DE
444 141 586 196 nabao
608 141 793 194 oniiatco

179 246 289 312 quidem
301 261 373 317 quae
384 249 528 300 moenibus
544 247 728 314 adaequaret,
748 246 800 307 tid
816 245 885 296 enim
898 245 984 294 nuliis

179 321 310 384 operibus
326 320 396 370 effici
413 321 535 384 poterat)
550 317 599 368 sed
611 331 681 383 qnae
692 322 837 382 superaret
848 315 930 364 i'ontis
943 314 984 364 fa-

178 389 299 456 stigiunr.
336 389 422 440 Esca
437 403 521 456 qnum
534 388 594 440 tela
608 388 756 436 tormentis
772 388 928 437 iacerentur
944 384 982 434 nd

178 456 265 508 sontis
277 458 376 520 aditus,
397 473 449 510 nec
459 459 518 508 sine
529 457 654 523 periculo
665 461 780 522 possent
789 455 919 520 adaquari
933 468 983 519 op·

180 528 288 595 pidani3
301 543 354 579 non
366 535 474 580 tantum
487 540 587 594 pecora
598 533 683 592 atque
693 527 827 588 iumenta,
839 523 887 574 scd
899 525 987 576 etiam

180 613 279 666 magna
291 597 432 649 bominum
444 597 593 648 multitudo
603 597 650 646 siti
661 595 883 648 consumebatur.

234 669 318 720 xiiii.
338 669 400 730 Quo
417 669 490 719 malo
508 666 650 734 perterriti
667 667 799 736 oppidani
815 679 897 731 cupas
910 679 987 730 sero,

182 741 251 804 pica,
274 739 408 790 scindulis
419 737 570 804 complent:
588 752 635 790 eas
647 737 777 789 ardentes
788 739 816 786 in
829 749 913 801 opera
923 749 987 800 pro-

181 808 303 859 roirunt.
340 807 443 859 Eodem
455 808 727 874 temporeacarrimc
746 800 932 874 proeliantur,
953 811 987 854 ut

181 879 216 929 ab
226 876 353 929 incendio
365 879 564 945 restinguendo
576 877 754 928 dimicatione
765 883 794 928 et
803 874 929 942 periculo
940 873 989 924 de·

182 953 307 998 terreant
320 948 465 998 Romanos.
496 949 601 1015 Magna
612 953 728 1015 repente
739 949 768 996 in
779 949 845 1014 ipsis
856 945 989 1011 operibus

181 1017 292 1068 daroma
303 1019 419 1068 exstitit.
447 1017 644 1084 Quaecumque
655 1019 729 1069 enim
740 1031 790 1082 per
802 1017 892 1068 locum
907 1027 988 1080 prae·
1056 1077 1058 1080 Ι

180 1088 292 1153 cipitem
305 1088 388 1138 missa
398 1097 494 1149 erant,
516 1102 559 1150 ea,
574 1087 667 1138 'vineis
678 1093 707 1138 et
717 1100 821 1154 aggere
832 1097 991 1152 suppressa,

183 1155 455 1222 comprehendebant
465 1156 493 1208 id
504 1159 603 1223 ipsum,
624 1157 699 1225 qnod
711 1158 881 1208 morabatur.
912 1155 989 1205 Mitt·

181 1234 225 1278 tes
237 1234 334 1278 contra
346 1229 441 1290 nostri,
454 1241 618 1296 quamquam
631 1227 787 1293 periculoso
799 1238 991 1294 genereprae-

182 1297 212 1348 lii
224 1297 340 1366 locoque
351 1299 445 1365 iniquo
457 1299 668 1365 premebantur,
700 1304 794 1348 tamen
805 1297 898 1348 ornnia
909 1308 989 1361 para·

182 1368 290 1419 tissime
313 1369 487 1420 sustinebant
506 1369 612 1418 animo:
644 1381 690 1418 res
705 1369 777 1418 enirn
793 1366 944 1435 gerebatur
960 1369 990 1416 et

186 1439 296 1490 excelso
314 1437 376 1490 l'oco
393 1439 463 1490 etin
480 1443 630 1504 conspectu
646 1439 785 1488 exercitus
797 1439 899 1498 nostri3
931 1447 989 1484 nra-

185 1523 309 1576 gnusqne
321 1511 460 1576 utrimque
472 1508 578 1560 clamor
589 1507 742 1559 oriebatur.
777 1509 819 1558 lta
830 1505 990 1574 quamquis-

185 1594 237 1646 que
249 1584 361 1645 poterat
372 1581 490 1630 maxime
502 1579 628 1646 insignis,
640 1592 694 1642 qun
706 1577 990 1641 notiortestatiorque

184 1651 272 1700 virtus
285 1651 343 1699 eius
354 1657 440 1711 esset,
471 1649 537 1699 telis
553 1647 674 1699 hostium
686 1647 868 1714 ilanmraeque'
879 1661 908 1696 se
921 1643 989 1695 cife-

187 1719 293 1769 rebant.

184 1856 298 1918 rideret,
310 1871 345 1906 ex
355 1857 481 1908 omnibus
493 1855 584 1921 oppidi
596 1857 722 1922 partibus
733 1852 990 1904 cobortesmontem

183 1925 351 1977 adscendere
373 1932 420 1988 et,
451 1925 629 1976 simulatione
657 1920 795 1976 moenium
817 1922 990 1988 occupando-

184 2009 257 2056 rum,
290 1993 441 2046 ciamorem
456 1993 579 2062 undique
595 1995 673 2046 iubet
689 1994 798 2045 tollore.
835 1993 896 2054 Q'uo
913 1991 990 2042 facto

183 2067 325 2134 perterriti
338 2064 475 2133 oppidani,
496 2073 590 2131 quum,
599 2101 601 2106 .
611 2063 680 2132 quid
687 2069 818 2132 ageretur
829 2063 856 2113 in
867 2061 937 2112 locis
949 2077 991 2113 re·

184 2136 276 2204 liquis,
287 2143 380 2188 essent
392 2137 490 2202 ignari,
501 2135 627 2202 suspensi
638 2139 770 2186 revocant
781 2135 815 2184 ab
826 2135 989 2200 impugnan-

184 2207 226 2258 dis
237 2207 365 2272 operibus
377 2212 499 2257 armatos
512 2220 556 2254 mn
562 2206 653 2274 risque
663 2204 820 2272 disponunt.
849 2205 890 2254 ita
901 2202 989 2252 nostri

183 2273 238 2330 tine
249 2277 349 2342 proelii
362 2276 436 2328 iacto
448 2275 578 2327 celeriter
590 2289 675 2342 opera
686 2275 798 2326 iluntma
809 2271 987 2340 comprehen-

183 2363 215 2398 sa
226 2346 325 2413 partim
339 2348 523 2418 restinguunt,
534 2347 634 2413 partim
648 2345 859 2396 interscindunt.
896 2343 988 2405 Quum

183 2419 364 2484 pertinaciter
376 2418 538 2468 resisterent
549 2416 679 2484 oppidani
691 2421 727 2476 et,
747 2417 802 2465 iam
815 2427 915 2479 magna
926 2427 988 2478 par-

183 2495 212 2536 te
223 2501 334 2537 suorum
344 2488 389 2536 siti
403 2487 513 2549 aruisse,
534 2487 561 2536 in
574 2486 713 2537 sententia
722 2488 930 2552 permanerent3
952 2479 988 2532 ad

182 2564 352 2621 postremum
369 2556 501 2606 cuniculis
513 2571 599 2607 venae
614 2555 699 2607 fontis
710 2556 858 2606 intercisae
871 2559 935 2601 snnt
947 2557 986 2600 ab

182 2639 235 2689 que
247 2638 369 2674 aversae.
406 2625 467 2686 Quo
480 2624 556 2676 facto
571 2625 720 2676 exhortatus
733 2633 846 2692 repente
857 2623 985 2690 perennis

182 2693 292 2748 exaruit
303 2691 364 2742 sous
381 2700 543 2762 tantamque
559 2695 659 2747 adtulit
676 2695 818 2764 oppidanis
829 2693 928 2746 salutis
940 2689 985 2742 de·

237 1787 335 1837 XLiii.
358 1787 459 1837 Caesar
481 1801 564 1853 quum
585 1785 741 1852 complures
762 1799 827 1835 suos
849 1783 991 1832 vulnerari
1077 1753 1078 1808 f
