2152 3132
585 93 602 130 Ι

254 258 273 281 ,
379 203 554 265 «ωηιι
580 211 616 268 v.
879 215 911 269 u

104 317 201 390 paucis
215 315 312 371 diebus
321 313 421 370 deduci
435 323 557 384 possent.
593 315 765 370 Collaudatis
777 317 912 372 militibus

103 396 191 459 atque
205 388 254 452 iis,
278 388 324 456 qul
338 388 452 455 negotio
467 385 662 454 praefuerant,
686 388 753 457 quid
762 389 823 440 lieri
833 389 912 454 velit,

104 457 230 512 ostendit
244 463 328 526 etque
342 459 431 507 omnis
445 457 482 508 ad
495 463 608 524 portum
622 458 704 509 ltiurn
715 461 863 510 convenire
872 461 912 509 iu·

97 529 165 592 bet,
192 543 247 596 quo
269 541 305 579 ex
323 532 407 594 portu
422 527 675 578 commodissimum
690 528 720 578 in
736 527 911 580 Britanniam

101 599 299 650 transmissum
322 601 573 664 euecognoverat,
596 598 706 648 circiter
724 596 830 648 milium
849 612 911 665 pas·

96 673 186 720 ‘sunm
200 665 284 717 XXX
303 681 322 717 a
334 667 497 717 continenti.
538 665 611 717 lluie
625 668 667 718 rei
682 666 757 734 quud
772 669 839 718 satis
849 679 910 721 esse

95 739 249 788 visum-est
258 735 388 797 militum,
408 735 535 804 reliquit:
556 735 688 802 ipse-eum
699 736 853 804 legionibus
864 749 910 790 ex-

97 808 206 876 peditis
221 806 265 859 'lV
283 811 312 858 et
330 805 469 872 equitibus
489 805 582 856 DCCC
595 806 624 856 in
644 807 714 858 lines
730 807 910 860 Trevirorum

100 877 304 946 proficiscitur,
328 874 402 942 quod
418 873 446 924 bi
462 886 551 942 neque
567 875 602 926 ad
621 875 738 927 concilia
751 877 910 940 veniebant,

96 944 494 1066 nequelqrnptqriudparqqaqtq
512 941 721 1014 Germanosque
731 945 909 1000 transrhene-

95 1030 198 1068 *nosse
222 1031 258 1066 scr
290 1029 321 1065 re
350 1029 391 1065 ree
429 1029 501 1064 nu.
840 1041 844 1048 -

94 1105 97 1110 ·
137 1086 186 1139 lll.
206 1085 293 1137 llaec
311 1085 408 1136 civitas
429 1083 512 1150 longe
531 1084 681 1151 plurimum
695 1087 783 1137 totius
796 1085 908 1140 Galliae

97 1156 229 1224 equitatu
255 1153 329 1205 valet
354 1166 522 1222 magnasque
549 1153 633 1206 habet
657 1157 751 1222 copias
773 1157 908 1223 peditum,

97 1227 301 1292 Rhenumque,
320 1228 448 1290 utsupra
459 1223 721 1288 demonstravimus,
741 1226 841 1292 tangit.
875 1226 909 1277 ln

98 1311 136 1348 ea
152 1297 264 1347 civitate
278 1293 334 1344 duo
349 1292 384 1344 de
399 1293 556 1360 principatu
566 1293 639 1345 inter
650 1309 680 1346 se
691 1295 906 1359 contendebant,

92 1365 307 1418 indutiomarus
323 1368 352 1415 et
367 1363 539 1430 Cingetorix:
561 1377 597 1414 ex
613 1364 711 1431 quibus
723 1364 808 1426 alter,
824 1363 908 1415 simul
1015 1389 1017 1394 ·

94 1441 185 1504 atque
206 1434 241 1486 de
263 1434 389 1485 Caesaris
409 1432 604 1501 legionumque
625 1432 747 1484 adventu
764 1435 906 1499 cognitum

92 1510 166 1566 ‘est·,·
179 1504 215 1555 ad
226 1518 289 1555 eum
300 1503 390 1566 venit3
412 1516 442 1552 se
453 1516 572 1570 suosque
583 1515 678 1553 omnes
690 1504 719 1552 in
731 1503 821 1553 officio
832 1501 906 1553 lutu-

100 1589 149 1625 ros
161 1588 250 1642 neque
261 1573 295 1624 nb
307 1572 430 1624 amicitis
440 1570 660 1638 populillomani
671 1571 831 1624 defeeturos
842 1586 906 1624 con-

99 1645 234 1707 lirmavit3
256 1653 382 1710 quaeque
398 1642 426 1691 in
442 1640 565 1693 Treviris
575 1645 753 1708 gererentur,
774 1641 906 1693 ostendit.
950 1649 952 1654 '
1057 1663 1060 1670 ·

99 1715 137 1764 nt
159 1713 364 1764 indutiomarus
390 1712 544 1779 equitatum
565 1709 775 1778 peditatumque
796 1723 905 1778 eogere,

98 1785 204 1850 iisque,
225 1783 270 1851 qui
285 1797 335 1850 per
350 1785 468 1833 aetatem
485 1781 514 1832 in
529 1781 613 1832 armis
629 1794 689 1832 esse
700 1794 755 1831 non
766 1786 906 1846 poterant,

97 1855 129 1905 in
146 1853 244 1904 silvsm
257 1851 437 1904 Arduennam
453 1850 566 1914 abditis,
592 1863 663 1918 quae
678 1850 784 1918 ingenti
799 1853 906 1920 magni·

94 1921 197 1974 tudine
208 1937 257 1988 per
267 1921 374 1972 medios
384 1921 453 1972 lines
465 1920 642 1972 Trevirorum
657 1935 675 1971 u
685 1918 798 1972 ilumine
808 1919 905 1974 Rheno

99 1991 138 2044 ad
153 1993 264 2042 initium
278 1990 427 2042 Remorum
445 1990 580 2056 pertinet,
600 1989 705 2074 bellurn
716 2005 818 2058 parare
828 1992 906 2050 insti·

93 2061 162 2113 tuit.
197 2060 252 2113 Sed
268 2065 448 2128 posteaquam
465 2058 590 2110 nonnulli
602 2061 740 2127 prinorpes
750 2075 786 2113 ex
797 2075 831 2112 eo
842 2061 907 2113 ciri·

93 2135 174 2194 tete,
191 2130 419 2183 et'fnnriliaritate
432 2129 614 2197 Cingetorigis
625 2129 751 2192 adducti,
766 2135 795 2181 et
805 2129 906 2182 adren-

93 2206 133 2251 tu
144 2202 232 2252 nostri
243 2201 383 2252 exercitus
394 2201 547 2266 perterriti,
564 2199 758 2251 ari-caesarem
769 2206 907 2250 venerunt

93 2275 132 2321 'et
142 2269 176 2322 de
188 2271 245 2320 suis
251 2270 378 2336 priuatim
389 2269 472 2320 rebus
484 2269 517 2320 ob
529 2274 663 2335 eopetere
669 2273 828 2334 coeperunt,
839 2280 905 2335 quo·

99 2341 176 2391 niam
198 2341 301 2390 civitati
316 2337 461 2390 consulere
477 2352 531 2389 non
546 2343 671 2404 possent:
697 2338 905 2388 indutiomarus

98 2411 219 2480 verinis,
240 2425 275 2461 ne
287 2410 322 2461 ab
333 2409 458 2464 omnibus
470 2407 658 2470 desereretur,
672 2406 780 2527 legatos
790 2407 826 2458 ad
838 2407 907 2461 Gne·

101 2493 192 2530 sarem
203 2481 302 2542 mittit3
318 2493 380 2530 sese
392 2477 494 2530 idcirco
505 2475 606 2527 ab'suis
618 2475 692 2528 disce
713 2489 761 2528 ere
772 2482 856 2543 atque
868 2476 904 2530 ed

101 2563 166 2600 eum
176 2551 270 2601 uenire
282 2548 418 2611 noluisse,
433 2561 488 2614 quo
500 2544 759 2612 lucilioscivitatem
770 2548 798 2598 in
810 2547 903 2599 oilielo

101 2619 269 2682 contineret,
290 2633 325 2670 ne
342 2619 430 2669 omnis
445 2615 598 2668 nobilitatis
614 2615 737 2688 discessu
752 2617 829 2685 plebs
840 2629 903 2684 pro·

100 2693 165 2812 pter
174 2687 386 2755 imprudentiam
399 2687 549 2738 laberetur.
583 2684 679 2753 ltaque
691 2701 751 2740 esse
763 2687 903 2741 civitatem

113 2761 358 2828 nsuapetestate,
379 2770 477 2826 seque,
497 2755 640 2809 sillem
654 2759 845 2826 peraritteret,
867 2755 902 2810 nul
