2152 3132
249 228 254 240 »
349 197 574 253 niusav.
666 241 670 248 .
816 203 867 263 ιη

69 299 215 358 fortissima
236 297 369 368 risa'est‚
390 304 418 355 in
435 304 651 372 camirrumpit.
686 307 866 364 Navarenus

67 376 172 441 quidem
183 381 243 426 tum
254 373 328 425 vallo
340 389 402 426 seso
411 375 548 436 continet,
562 375 613 427 scd
625 379 748 429 omnium
759 383 865 432 veritur

64 442 295 497 existimationem
307 444 493 510 subsequitur.
508 445 645 496 Mediocri
655 449 745 515 spatio
756 449 865 515 relicto,

62 511 151 566 Pulllc
163 513 250 582 pilum
261 517 290 565 iu
302 513 492 566 bostesnrittit
501 520 587 580 atque
596 531 682 566 unum
693 532 728 569 cx
738 518 865 571 multitu·

59 585 119 637 dine
132 589 345 652 procurrentem
357 584 504 644 transiicit,
521 599 577 651 quo
588 597 720 650 percusso
731 594 761 640 et
771 593 865 642 exani·

57 662 142 718 mato,
156 653 230 705 lirinc
239 654 324 704 scutis
335 659 488 722 protegunt
498 651 601 716 hostes,
611 654 728 706 inillam
740 658 797 710 tela
805 661 865 710 uni·

56 727 126 776 versi
144 725 297 774 coniiciunt
312 738 403 790 neque
415 723 486 775 dant
496 723 679 792 regrediundi
690 725 863 780 facultatem.

55 794 247 862 Transfigitur
263 801 371 844 scutum
387 792 507 846 Pollioni
523 799 553 845 ot
566 801 695 846 uerutum
716 799 744 848 in
766 797 862 850 balteo

54 863 197 932 deligitur.
236 865 346 916 Avertit
366 861 411 914 bic
431 878 512 914 casus
534 866 663 932 raginam
686 871 717 917 et
736 867 862 935 gladium

53 933 299 986 educcncconanti
310 933 727 1000 dextram-moraturumnum
748 938 863 1004 impedi·

53 1011 113 1055 tum
138 1001 236 1056 hostes
257 1004 470 1054 circumsistunt.
506 1002 650 1056 Succurrit
670 1007 798 1059 ininricus
817 1008 861 1058 illi

52 1075 188 1127 Varenus
204 1079 233 1124 et
247 1073 387 1124 laboranti
403 1073 539 1124 subvenit.
573 1074 614 1126 ,id
626 1073 705 1128 lianc
720 1092 750 1128 sc
767 1077 861 1129 confe-

51 1147 120 1196 stim
132 1160 151 1196 a
161 1142 287 1195 Pollione
299 1142 389 1194 omnis
399 1142 549 1195 multitudo
559 1148 711 1209 convertit3
728 1147 806 1198 illum
817 1163 862 1198 ve·

52 1221 118 1266 ruto
127 1212 297 1271 transfixum
310 1212 491 1266 arbitrantur.
527 1213 663 1265 Occursat
678 1217 756 1267 ocius
766 1216 860 1283 gladio

52 1287 237 1352 cominusque
253 1297 313 1334 reni
330 1283 404 1350 gerit
413 1283 542 1336 Varenus
554 1289 650 1349 atque,
672 1300 729 1336 uno
741 1284 861 1336 interle-

52 1361 109 1417 cto‚
120 1354 246 1421 reliquos
255 1352 380 1420 paullum
392 1351 537 1420 propellit,
552 1352 754 1420 dumcupidius
764 1356 861 1415 instat,

48 1428 81 1475 in
93 1425 188 1476 locum
200 1423 325 1475 deiectus
336 1421 496 1474 inferiorem
512 1422 643 1473 concidit.
677 1424 753 1474 Huic
763 1437 861 1477 rursus

52 1496 243 1547 circumvento
257 1493 315 1545 lert
330 1492 482 1545 subsidium
494 1490 585 1543 Pullio
597 1497 682 1559 atque
694 1493 775 1543 ambo
787 1493 861 1542 incu-

47 1565 160 1626 lumes,
177 1563 370 1629 compluribus
385 1561 555 1623 interfectis,
577 1575 684 1612 sumnus
699 1577 761 1612 cum
776 1560 859 1612 laude

53 1649 117 1685 sese
128 1635 204 1684 intra
214 1633 386 1684 munitiones
398 1633 545 1698 recipiunt.
573 1629 619 1683 Sic
629 1629 745 1682 fortuna
756 1631 785 1681 in
796 1644 861 1682 con·

53 1705 182 1756 tentione
193 1708 224 1754 et
238 1702 391 1754 certamine
411 1707 560 1767 utrumque
579 1702 716 1763 venerit,
737 1706 770 1752 ut
785 1700 860 1752 alter

53 1772 138 1824 alteri
149 1773 279 1824 inimicus
289 1771 393 1824 auxilio
405 1771 546 1837 salutique
557 1775 643 1832 esset,
658 1785 748 1836 neque
759 1770 859 1822 diiudi-

55 1844 111 1894 cari
122 1847 226 1910 posset,
241 1845 306 1893 uter
317 1843 372 1892 utri
382 1842 486 1892 virtute
497 1840 697 1894 anteferendus
708 1841 858 1893 rideretur.

114 1944 202 2000 XLV.
224 1944 338 2008 Quanto
354 1949 416 1998 erat
429 1946 459 1996 in
478 1943 538 1996 dies
559 1945 671 2012 gratior
687 1950 769 2014 atque
781 1959 858 2011 aspe-

57 2017 113 2068 rior
125 2018 305 2084 oppugnatio,
318 2021 346 2066 et
356 2018 476 2066 maxime
488 2014 572 2080 quod,
584 2030 687 2083 magna
697 2022 776 2082 parte
788 2015 858 2068 uilli-

56 2093 115 2138 tum
126 2086 255 2139 confecta
264 2085 436 2148 vulneribus,
447 2100 492 2136 res
504 2085 538 2135 ad
551 2088 717 2151 paucitatem
730 2083 857 2136 defenso-

9 2139 10 2226 l
55 2159 307 2223 rumpervenerat,
325 2160 409 2208 ¹tanto
420 2155 575 2206 crebriores
586 2154 697 2206 litterae
709 2155 858 2220 noriciiquc

56 2225 90 2277 ad
100 2226 250 2278 Caesarem
262 2225 460 2277 mittebantur:
483 2237 673 2292 quorumpars
685 2219 860 2290 deprehensa

55 2295 82 2346 in
92 2301 244 2363 conspectu
256 2299 416 2346 nostrorum
430 2292 557 2360 militum
569 2308 630 2343 cum
642 2295 767 2344 cruciatu
779 2305 859 2341 neca·

54 2365 145 2418 batur.
181 2366 252 2417 Erat
271 2379 345 2415 unus
364 2365 439 2415 inuis
455 2363 587 2425 Nervius,
609 2361 857 2424 nomineVertioo‚

56 2435 116 2486 loco
125 2439 210 2486 natus
220 2433 350 2497 honesto,
360 2434 409 2501 qui
420 2434 537 2499 aprima
548 2430 692 2482 obsidione
704 2429 738 2480 ad
751 2429 858 2482 Cicero·

54 2519 117 2556 nem
130 2503 294 2572 perfugerat
305 2517 438 2571 suamque
450 2501 572 2553 eilideru
583 2500 771 2567 praestiterat.
801 2499 858 2551 llic

54 2589 134 2626 serra
151 2589 201 2642 spe
217 2574 355 2630 libertatis
372 2573 534 2642 magnisque
556 2569 706 2637 persuadet
719 2571 857 2637 praesuiis,

56 2649 86 2696 ut
101 2643 212 2696 litteras
229 2644 264 2697 all
275 2645 424 2696 Caesarem
441 2641 560 2693 delerat.
596 2639 656 2692 llas
667 2641 714 2694 ille
725 2641 754 2692 lu
766 2641 857 2693 iaculo

55 2713 182 2839 illilpata:3
188 2711 271 2766 effert
278 2719 321 2780 et,
332 2712 432 2767 Gallus
442 2711 516 2764 inter
527 2709 624 2764 Gallos
630 2712 695 2835 {¹¹⁰
706 2710 764 2780 ulla
772 2713 859 2780 suspi-

102 2799 148 2838 m..
183 2797 244 2840 aar.
749 2791 752 2799 ⁴
