2134 3148
342 203 599 258 AFRICANO.
823 205 877 263 ⁴⁷1

73 309 164 364 mitum
175 307 259 370 isset,
279 304 384 358 ferrum
401 307 477 359 iutro
487 307 560 360 clam
574 308 602 359 iu
615 307 769 361 cubiculum
779 309 876 364 intulit

73 381 210 447 atqueita
230 392 261 431 sc
281 377 436 432 transiccit.
473 379 528 441 Qui
541 393 625 446 quum
641 381 734 430 anima
751 380 875 434 nondum

73 451 211 515 exspirata
230 446 397 500 concidisset
412 453 455 511 et,
473 448 580 514 inipetu
590 449 666 500 lacto
676 450 703 499 in
716 447 874 504 cubiculum

73 535 105 572 ex
116 518 280 585 suspicione,
290 516 413 570 medicus
423 517 628 586 familiaresque
638 520 780 572 continere
791 526 875 588 atqua

72 589 167 644 vulnus
179 586 305 654 obligare
317 588 483 652 coepissent,
498 590 558 654 ipse
568 589 625 640 suis
636 589 764 641 manibus
773 590 875 642 vulnus

73 657 262 718 crudelissime
273 655 381 712 divellit
392 663 476 726 atque
487 659 580 710 auimo
592 661 735 726 praesenti
747 675 777 712 se
789 661 875 713 inter·

72 729 147 786 emit,
182 726 270 788 Quem
281 727 435 792 Uticenses,
447 743 613 796 quamquam
625 727 743 780 oderant
754 732 874 796 partium
947 726 952 737 '

72 797 172 868 gratia,
193 801 286 853 tanuen
300 803 416 862 propter
427 799 488 849 eius
502 798 674 865 singularem
685 798 877 866 integritatem

73 866 385 935 etquoddissimillinrus
395 867 779 936 reliquorumducumiuerat,
792 870 880 938 quod.

73 952 125 1008 que
141 937 248 990 Uticam
268 935 394 989 mirificis
415 939 546 1003 operibus
566 938 707 990 munierat
728 946 877 1008 turresque

72 1013 195 1069 aruerat,
206 1006 353 1072 sepultura
363 1007 506 1059 adiiciunt.
524 1009 585 1070 Quo
594 1008 754 1074 interfecto,
765 1009 798 1061 L.
809 1011 878 1062 Caes

72 1092 127 1140 aar,
143 1082 174 1128 ut
185 1075 291 1143 aliquid
302 1077 357 1128 sibi
368 1092 402 1130 ex
414 1093 449 1130 en
459 1093 491 1130 re
499 1078 596 1129 auxilii
607 1084 729 1144 pareret,
744 1093 880 1132 convoca.

71 1153 101 1200 tc
121 1147 234 1212 populo,
255 1146 387 1208 concione
408 1146 514 1211 habita,
535 1147 699 1201 cohortatur
719 1163 826 1214 omnes,
846 1159 880 1202 ut

68 1225 166 1287 portae
177 1214 366 1284 aperirentur:
380 1233 410 1269 ae
419 1217 448 1270 in
460 1216 588 1270 Caesarie
596 1217 739 1270 clementio
750 1233 879 1287 magnam

71 1302 143 1355 spem
155 1285 262 1341 habere.-
296 1287 402 1353 ltaque,
422 1289 512 1354 portis
522 1287 681 1354 patefactis,
693 1289 773 1340 Utica
783 1302 879 1356 egres·

71 1373 132 1420 sus,
153 1355 268 1412 (lassari
278 1357 442 1422 imperatori
453 1358 561 1409 obviam
571 1356 769 1424 proficiscitur.
804 1359 878 1410 Mes·

70 1427 152 1490 salla,
167 1432 200 1478 ut
211 1430 273 1482 ersi
287 1427 462 1491 imperatum,
476 1427 585 1479 Uticam
596 1427 726 1492 parvenit
737 1427 878 1480 omnibus·

70 1513 125 1566 que
136 1495 224 1562 portis
235 1495 376 1549 custodias
386 1497 477 1562 ponit.

123 1565 276 1624 LXXXIX.
296 1566 398 1618 Caesar
412 1566 536 1629 interim,
551 1563 691 1632 aThspso
702 1581 877 1636 progressus,

68 1637 200 1689 Ussetam
212 1636 350 1702 pervenit,
372 1635 419 1686 ubi
436 1635 528 1702 Scipio
539 1650 670 1704 inagnum
681 1635 815 1688 frumenti
826 1653 877 1688 nu·

68 1721 185 1768 suerum,
196 1719 346 1767 armorum,
355 1705 474 1760 telorum
482 1707 802 1774 ceterarumquererum,
814 1722 878 1759 eam

68 1791 157 1844 parvo
177 1774 319 1842 praesidio
339 1773 486 1830 habuerat.
533 1775 563 1828 ld
585 1776 736 1828 adveniens
757 1779 876 1845 potitur:

68 1843 171 1899 deinde
186 1845 369 1904 Adrumetum
383 1847 520 1914 pervenit.
556 1845 618 1908 Quo
629 1861 714 1915 quum
725 1849 785 1900 sine
797 1861 877 1899 mora

67 1917 224 1979 introisset,
233 1971 235 1976 ,
244 1915 339 1978 armis,
356 1914 497 1971 frumento
507 1919 680 1984 pecuniaque
691 1917 877 1981 considerata,

67 1987 102 2050 Q.
112 1985 239 2054 Ligario,
260 1986 290 2037 C.
302 1986 432 2040 Considio
443 1985 509 2049 illio,
525 1987 571 2053 qui
583 1990 642 2038 tum
654 1988 691 2038 ibi
703 1986 828 2050 fucrant,
840 1987 877 2036 vi-

65 2064 127 2108 tam
143 2056 287 2111 concessit
322 2055 432 2109 Deinde
448 2056 547 2108 eodem
562 2056 608 2108 die
619 2057 770 2109 Adrumeto
783 2071 876 2124 egres·

66 2141 126 2188 sus,
142 2125 269 2177 Liuineio
281 2125 390 2192 Regulo
403 2125 440 2176 ibi
449 2141 510 2176 cum
522 2126 635 2193 legione
646 2125 756 2188 relicto,
768 2127 876 2176 Uticam

65 2197 109 2250 irc
122 2193 273 2252 contendit.
311 2193 360 2244 (lui
376 2195 405 2244 in
418 2195 520 2246 itinere
532 2196 565 2246 lit
580 2195 721 2248 obuiusi..
734 2195 877 2246 Caesarei

65 2265 160 2322 subito
172 2279 202 2315 se
213 2262 249 2314 ad
258 2277 351 2330 genua
360 2264 477 2329 proiecit
486 2265 627 2333 vitamque
638 2264 700 2326 sibi,
719 2278 809 2330 neque
820 2279 876 2314 am·

64 2335 140 2402 plius
152 2333 312 2404 quidquam,
325 2333 506 2399 deprecatur:
526 2335 570 2384 cui
581 2337 684 2386 caesar
694 2331 776 2384 facile
787 2338 816 2384 et
826 2347 874 2399 pro
917 2343 919 2349 ⁴

64 2420 120 2461 sua
130 2409 241 2464 natura,
262 2407 291 2454 et
305 2417 356 2470 pro
372 2404 515 2465 instituto,
536 2405 684 2456 concessitr
703 2403 770 2454 item
782 2403 875 2454 caeci-

62 2488 130 2538 nae,
151 2474 181 2525 C.
191 2473 289 2535 Ateio,
310 2472 338 2524 Ρ.
348 2474 436 2536 Atrio,
455 2473 488 2526 L.
500 2473 601 2538 Cellae,
621 2474 694 2542 patri
707 2477 734 2524 et
744 2470 813 2534 illio,
834 2471 874 2523 Μ.
905 2487 907 2508 ¹

63 2545 169 2614 Eppio,
185 2542 225 2596 Μ.
236 2541 361 2610 Aquinio,
373 2544 486 2596 Catonis
497 2544 565 2604 lilio,
578 2543 795 2609 Damasippique
806 2541 874 2593 libe·

63 2616 106 2666 ris
121 2630 158 2668 ox
173 2628 224 2666 sua
237 2613 439 2666 consuetudine
455 2612 569 2677 tribuit;
587 2609 754 2681 circitcrque
765 2607 874 2662 lumini·

62 2684 119 2738 bus
130 2683 366 2736 accensisUticam
377 2688 506 2754 pervenit
514 2691 597 2756 atque
609 2689 691 2738 extra
700 2681 830 2752 oppidum
841 2693 875 2736 aa

63 2761 150 2820 nocte
161 2753 273 2818 mansit.
