2152 3132
176 149 221 213 nu
357 145 411 199 un
432 146 575 200 uacuo
599 147 782 200 olomeo

170 249 232 303 orto
244 249 341 314 vcn'to,
360 249 501 302 ferventes
513 249 587 301 fusili
599 266 633 303 ex
644 251 744 318 argilla
755 232 873 320 glandes¹
882 253 985 309 sunilisi
1040 248 1042 252 ’

171 328 200 374 et
211 321 364 375 fervefacta
375 320 465 383 iacula
475 323 503 370 in
515 336 602 384 casas,
616 337 686 388 quae
696 337 775 374 more
786 323 893 375 Gallico
905 334 984 378 stra·

170 394 270 442 urentis
279 397 361 442 ararit
371 397 472 453 tectae,
484 393 573 441 iacere
586 398 743 458 coeperunt.
769 394 831 444 Hae
842 396 983 448 celeriter

169 461 263 528 ignem
288 459 557 527 comprehenderunt
578 467 606 512 et
626 463 700 512 renti
728 464 920 530 magnitudine
946 469 980 518 in

170 531 281 582 omnem
292 531 448 587 castrorum
460 531 551 582 locum
563 530 741 583 distulerunt.
777 533 894 596 Hostes,
917 551 980 586 ma-

168 604 244 654 ximo
257 602 378 654 clamore
389 603 513 664 insecuti,
535 603 613 668 quasi
626 608 706 668 parta
717 605 772 653 iam
784 608 868 670 atque
879 605 978 670 explo-

169 678 232 724 rata
248 674 379 734 victoria,
400 677 493 722 turres
513 671 725 739 testudinesque
743 687 826 740 agere
843 679 871 723 et
892 675 978 726 scalis

168 743 272 794 vallum
284 741 452 794 adscendere
463 747 621 807 coeperunt.
653 743 779 792 attenta
790 743 908 793 militum
922 748 979 795 rir-

167 813 213 866 tu's
225 820 310 880 atquc
322 827 355 863 ea
366 813 523 876 praesentia
533 813 619 862 animi
631 810 692 874 fuit,
703 817 744 875 ut,
757 827 840 879 quum
854 815 979 879 undique
1064 851 1065 856 η

168 883 281 938 ssaurma
290 886 465 932 torrerentur
477 882 651 948 maximaque
663 881 784 931 telorum
797 883 977 936 multitudine
1064 877 1065 914 ³

169 955 363 1020 promerentur
378 964 483 1015 suaque
501 953 594 1000 omnia
608 949 806 1016 impedimenta
821 957 905 1018 atquc
918 969 978 1004 om·

167 1038 219 1074 nes
238 1021 366 1072 fortunas
387 1018 562 1086 conflagrare
583 1019 790 1086 intellegerent,
812 1036 868 1071 non
889 1024 976 1073 modo

167 1088 342 1157 demigrandi
364 1102 462 1140 caussa
483 1087 602 1140 devallo
619 1087 773 1139 decederet
794 1105 891 1152 nemo,
924 1093 976 1144 sed
1064 1113 1065 1116 ¹

166 1175 256 1230 paene
268 1175 303 1214 ne
313 1159 463 1226 respiceret
473 1157 582 1225 quidem
594 1159 793 1225 qnisquan15rrc
805 1163 864 1208 tum
875 1176 974 1212 omnes

166 1233 301 1286 acerrime
314 1228 521 1295 fortissimeque
531 1232 699 1297 pugnarent.
734 1228 787 1278 Hic
797 1228 856 1279 dies
868 1233 974 1281 nostris

154 1302 248 1372 'longe
260 1300 437 1368 gravissimus
449 1297 515 1361 fuit3
535 1297 584 1350 sod
596 1303 688 1349 tamen
701 1294 773 1348 hune
785 1294 880 1349 habuit
892 1297 974 1352 even'-

166 1373 239 1434 tuni,
248 1372 251 1378 '
261 1375 293 1420 ut
305 1384 338 1421 co
350 1369 395 1422 dic
407 1370 542 1420 iunximus
558 1366 678 1419 hostium
696 1383 828 1420 numerus
843 1371 971 1422 vuluera-

165 1449 243 1497 retur
255 1445 337 1508 atque
348 1435 569 1501 interficeretur,
591 1445 623 1490 ut
638 1453 667 1490 se
684 1439 735 1489 sub
750 1439 811 1503 ipso
823 1439 896 1490 vallo
909 1455 972 1491 oon·

165 1514 338 1582 stipaverant
353 1505 547 1577 recessumque
567 1509 662 1574 primis
677 1507 771 1560 ultimi
785 1522 841 1558 non
858 1509 969 1562 dabant.

165 1581 294 1636 Paullum
306 1580 417 1648 quidem
430 1579 587 1630 intermissa
597 1577 718 1640 llamtna,
735 1584 764 1628 et
775 1579 895 1644 quodam
907 1580 968 1632 locd

164 1654 238 1704 turri
249 1650 347 1702 adacta
359 1655 388 1702 et
399 1649 577 1716 contingente
593 1647 712 1710 vallum,
734 1647 836 1699 tertiae
848 1648 968 1700 cohortis

165 1722 340 1772 celitur-iones
352 1733 385 1772 cx
398 1733 440 1780 eo,
461 1733 517 1784 quo
527 1719 647 1779 stabant,
663 1717 726 1781 loco
738 1724 913 1772 recesserunt
925 1735 967 1768 su-

166 1804 249 1856 osque
267 1803 363 1840 omnes
379 1791 572 1850 removerunt3
595 1792 666 1836 nutu
681 1788 848 1854 vocibusque
865 1787 968 1852 hostes,

139 1879 141 1883 ·
164 1861 187 1909 si
198 1851 316 1908 introire
331 1856 446 1920 vellent,
467 1870 566 1906 vocare
588 1862 747 1922 cooperunt,
769 1873 886 1926 quorum
909 1873 970 1924 prm

163 1927 243 1996 gredi
254 1940 339 1977 ausus
351 1930 394 1978 cst
405 1940 495 1976 nemo.
524 1925 596 1974 Tum
609 1940 643 1976 ex
655 1928 729 1977 omni
742 1931 820 1992 parte
831 1927 966 1996 lapidibus

164 1997 296 2049 coniectis
308 1995 448 2046 deturbati
459 1993 600 2062 turrisque
611 2009 742 2046 succensa
752 2001 803 2047 est.

223 2065 323 2118 XLIV.
335 2065 436 2132 Erant
447 2065 475 2114 in
488 2079 522 2116 ea
532 2063 642 2132 legione
654 2063 799 2118 fortissimi
813 2067 863 2117 riri
875 2077 966 2118 centu-

164 2137 269 2198 riones,
290 2137 337 2202 qni
353 2137 408 2186 iam
424 2135 519 2200 primis
540 2134 682 2184 ordinibus
703 2134 965 2202 adpropinquarent,

163 2207 197 2258 Τ.
211 2205 300 2257 Pullio
314 2209 342 2256 et
353 2203 387 2255 L.
398 2205 535 2256 Varenus.
570 2204 607 2254 lli
617 2210 767 2270 perpetuas
778 2206 852 2256 inter
863 2222 894 2258 se
905 2223 965 2259 con-

162 2277 314 2328 troversias
326 2273 473 2335 habebant,
489 2273 599 2339 quinam
611 2273 811 2336 anteferretur,
828 2278 965 2328 omnibus·

164 2361 216 2412 que
225 2346 305 2396 annis
315 2345 349 2396 dc
361 2345 422 2395 loco
434 2343 547 2394 summis
559 2344 744 2394 simultatibus
755 2345 963 2398 contendebant.

164 2417 205 2466 Ex
215 2417 249 2466 iis
261 2414 365 2478 Pulfio,
387 2429 471 2482 quum
483 2414 616 2464 acerrime
631 2413 666 2464 ad
678 2415 846 2466 munitiones
863 2430 962 2483 pugna·

165 2487 253 2547 retur,
276 2481 349 2547 Quid
359 2483 473 2546 dubitas,
484 2483 582 2549 inquit,
600 2480 722 2535 Vareno?
734 2491 783 2535 out
793 2501 869 2551 quem
881 2487 961 2537 locrun

160 2553 318 2624 probandae
328 2552 437 2605 virtutis
450 2561 511 2604 tuae
523 2553 644 2618 apertas?
665 2551 710 2603 bic
721 2551 789 2613 dies,
812 2552 857 2605 liic
868 2553 922 2605 diet
933 2555 961 2606 de

162 2623 261 2678 irortris
277 2623 464 2674 corrueret-siin
480 2620 620 2673 iudicabit.
656 2623 737 2675 Haec
747 2637 830 2688 quum
842 2623 960 2686 dixisset,

165 2694 287 2755 procedit
298 2697 378 2755 entra
387 2693 562 2754 munitiones,
575 2707 683 2760 quaque
695 2707 758 2758 pars
769 2691 888 2743 hostium
902 2708 960 2744 con·

1055 2513 1062 2662 ¹

1054 2683 1061 2917 l
