2150 3124
105 157 106 160 ‘
172 177 204 230 ss
361 175 417 227 ns
437 172 579 254 annno
600 172 788 227 caniaco

171 265 291 362 permoti
303 265 409 348 equites
424 281 547 346 Treviri,
569 293 684 346 quorum
703 279 776 330 inter
786 277 881 330 Gallos
892 279 975 328 virtu·

170 353 207 400 tis
218 352 323 417 opinio
323 355 365 400 est
376 349 523 416 singularis
529 365 593 416 ,qur
586 349 701 399 'auxilii
712 364 809 401 caussa
821 349 854 399 ab
865 349 975 398 civitate

171 421 246 470 missi
263 419 298 470 ad
310 419 456 477 Caesarem
472 421 633 480 venerant,
640 433 724 485 quum
739 418 915 468 multitudine
928 415 975 466 lio·

171 491 253 539 stium
265 495 355 539 eastra
371 494 466 540 nostra
478 487 622 554 compleri,
643 487 765 568 legiones
776 487 863 554 prensi
875 492 903 537 et
913 501 975 552 [rae-

172 575 205 610 ιιι·
218 560 417 609 circumventas
429 559 531 621 teneri
543 557 652 608 calones
660 556 798 625 ,equites,
809 556 974 616 furrditores,

171 627 316 690 Numidas,
343 619 464 678 diiersos
476 628 692 693 dissipatosque
685 643 713 676 m
725 641 819 678 omnes
830 631 922 691 partes
932 623 974 675 su·

172 711 237 764 gere
248 687 400 772 vidissent,
409 697 562 762 desperatis
573 698 675 746 nostris
687 696 781 758 rebus,
792 695 901 762 domum
913 709 979 744 con-

170 767 334 817 tenderunt:
330 757 481 816 Romanos
492 765 585 832 pulsos
595 770 806 831 superatosque,
817 765 933 830 castris-¹
921 778 975 813 --rm

171 836 388 902 pedimentisque
404 849 499 910 eorum
517 829 611 884 hostes
622 836 739 900 potitos,
759 835 863 885 civitati
874 848 974 894 renun-

171 906 321 954 ciaierunt.

223 973 309 1024 XXV.
347 958 461 1044 Caesar,
476 971 510 1030 ab
521 971 642 1022 decimae
653 971 771 1038 legionis
782 971 973 1022 cohortatione

171 1041 206 1092 ad
219 1043 346 1091 dextrum
358 1055 444 1090 cornu
446 1037 604 1106 ¹proiectus,
614 1041 660 1091 ubi
672 1056 736 1091 suos
747 1042 867 1108 urgueri,
878 1041 974 1106 signis

172 1125 224 1178 que
236 1113 263 1160 io
274 1126 358 1159 unum
369 1109 459 1172 locum
473 1108 582 1160 collatis
593 1109 771 1161 duodecimae
783 1108 899 1176 legionis
910 1126 976 1161 con·

170 1165 503 1246 fertosmilitessibiipsos
514 1177 549 1228 ad
560 1192 678 1245 pugnarn
689 1192 751 1230 esse
761 1179 974 1245 impedimento·
967 1214 983 1247 ,Ι

170 1247 976 1330 quartaecobortisomnibuscenturionibusoccisissignise·

171 1333 257 1386 roque
268 1317 456 1390 interiecto,
435 1331 513 1384 signo
524 1317 632 1379 amisso,
640 1318 808 1385 reliquarum
820 1315 976 1368 cohortium

171 1383 298 1439 omnibus
315 1387 373 1438 fere
385 1387 594 1438 centurionibus
605 1393 654 1438 aut
664 1387 827 1456 iulneratis,
847 1392 896 1437 aut
907 1387 978 1437 occi·

171 1459 253 1519 sis,in
264 1456 306 1507 bis
317 1453 508 1524 primopilo,P.
516 1455 611 1507 Sextio
622 1449 736 1520 Baculo,
743 1455 930 1508 fortissimo
905 1471 976 1520 mro,

170 1527 266 1577 multis
273 1527 456 1594 gravibusque
462 1525 621 1577 vulneribus
629 1542 679 1583 corn
684 1527 764 1589 fecto,
771 1527 820 1578 ut
812 1543 867 1578 ram
877 1541 906 1576 se
916 1541 974 1576 sus-

169 1598 318 1647 tinerenon
327 1600 428 1661 posset,
435 1596 557 1662 reliquos
564 1611 622 1646 esse
629 1597 778 1660 tardiores3
788 1594 816 1648 et
827 1594 974 1646 nonnullos

171 1663 608 1729 abu‘orissimisdesertosproelin
616 1664 757 1729 excedere,
764 1681 795 1718 ae
804 1666 862 1716 tela
872 1667 974 1726 ritane3

171 1730 258 1784 hostis
277 1748 368 1800 neque
384 1749 401 1783 a
412 1731 504 1784 fronte
516 1745 550 1784 ex
560 1732 691 1784 inferiore
705 1733 765 1786 loco
775 1735 925 1786 subeuntes
936 1735 976 1783 in-

172 1806 339 1863 termittere,
356 1807 384 1852 et
398 1803 431 1853 ab
444 1807 561 1868 utroque
571 1801 659 1854 latere
670 1804 787 1863 instare:
808 1809 837 1856 et
846 1819 904 1856 rem
915 1817 975 1854 esse

172 1875 198 1922 in
214 1876 331 1938 angusto
346 1870 428 1933 vidit,
446 1886 536 1943 neque
547 1870 633 1921 ullum
645 1887 705 1924 csso
716 1875 880 1934 subsidium,
901 1871 974 1939 quod

171 1941 295 1994 submitti
306 1934 413 2005 posset:
434 1945 513 1990 scuto
525 1933 559 1990 ab
570 1931 723 1992 novissimis
734 1945 781 1993 uni
793 1944 873 1993 militi
884 1942 975 1992 ‹letra-

171 2016 224 2074 cto,
236 2009 327 2092 quod'
320 2023 379 2074 ipse
391 2023 424 2060 eo
435 2010 495 2060 sine
505 2015 583 2060 scuto
595 2013 730 2082 venerat,'
723 2029 751 2062 m
761 2015 896 2078 primam
889 2014 974 2071 aetem

189 2081 313 2140 recessit,
325 2080 587 2147 centurionibusque
598 2071 759 2131 nominatim
771 2081 928 2148 adpellatis,
934 2095 975 2130 rc-

169 2094 261 2223 {quos
273 2145 434 2204 cohortatus
445 2149 560 2214 milites,
581 2149 658 2216 signa
668 2151 771 2202 inferre
783 2157 811 2201 et
822 2149 977 2214 manipulos

170 2226 265 2277 laxare
277 2223 371 2285 iussit,
387 2233 442 2285 quo
452 2217 561 2269 facilius
572 2217 670 2286 gladiis
681 2223 720 2269 uti
733 2226 854 2284 possent.
892 2220 978 2268 Cuius

170 2295 290 2348 adventu
309 2305 358 2357 spe
378 2289 459 2338 illata
474 2288 608 2338 militibus
623 2303 655 2338 ae
670 2289 859 2356 redintegrato
875 2289 979 2350 animo,

171 2379 253 2447 quum
274 2375 350 2428 pro
345 2373 375 2409 se
387 2359 525 2440 Ιἰιιιιιιιιιιὴ
545 2359 574 2407 in
593 2364 740 2424 conspeetu
757 2359 934 2425 insectatoris
949 2363 979 2407 et

171 2432 264 2483 iamin
277 2426 409 2482 extremis
420 2429 477 2477 suis
487 2427 583 2489 rebus,
599 2437 709 2494 operam
722 2443 822 2480 navare
835 2433 977 2493 cuperent,

172 2500 294 2569 paullum
304 2497 425 2550 bostium
437 2499 556 2564 impetus
566 2497 693 2547 tardatus
706 2503 755 2548 est.

221 2569 322 2623 xxvi.
360 2569 473 2628 Caesar,
485 2581 568 2633 quum
580 2567 722 2632 septimam
736 2567 886 2635 legionem,
907 2581 977 2633 quae

172 2641 248 2692 iuxta
259 2637 433 2699 constiterat,
449 2637 515 2688 item
528 2637 640 2701 urgueri
651 2637 684 2687 ab
695 2634 775 2688 hoste
786 2637 911 2697 iidisset,
928 2635 977 2686 tri·

173 2713 259 2762 bunos
278 2707 396 2760 militum
416 2707 537 2766 monuit,
557 2709 589 2753 ut
607 2699 752 2771 paullatim
769 2721 830 2756 sese
853 2704 975 2772 legiones
