<?xml version="1.0" encoding="UTF-8"?>
<!DOCTYPE html PUBLIC "-//W3C//DTD XHTML 1.0 Transitional//EN"
    "http://www.w3.org/TR/xhtml1/DTD/xhtml1-transitional.dtd">
<html xmlns="http://www.w3.org/1999/xhtml" xml:lang="en" lang="en">
 <head>
  <title>
</title>
<meta http-equiv="Content-Type" content="text/html;charset=utf-8" />
  <meta name='ocr-system' content='tesseract 3.04.00' />
  <meta name='ocr-capabilities' content='ocr_page ocr_carea ocr_par ocr_line ocrx_word'/>
</head>
<body>
  <div class='ocr_page' id='page_1' title='image "./cjuliicaesarisc05caesgoog_0472.png"; bbox 0 0 2134 3148; ppageno 0'>
   <div class='ocr_carea' id='block_1_1' title="bbox 189 111 802 197">
    <p class='ocr_par' dir='ltr' id='par_1_1' title="bbox 189 111 802 197">
     <span class='ocr_line' id='line_1_1' title="bbox 189 111 802 197; baseline 0 -1"><span class='ocrx_word' id='word_1_1' title='bbox 189 144 242 196; x_wconf 80' lang='lat' dir='ltr'>sca</span> <span class='ocrx_word' id='word_1_2' title='bbox 373 146 404 194; x_wconf 80' lang='lat' dir='ltr'>a.</span> <span class='ocrx_word' id='word_1_3' title='bbox 425 111 567 194; x_wconf 62' lang='lat' dir='ltr'>urrunnu</span> <span class='ocrx_word' id='word_1_4' title='bbox 587 144 643 196; x_wconf 83' lang='lat' dir='ltr'>ou</span> <span class='ocrx_word' id='word_1_5' title='bbox 662 144 802 197; x_wconf 79' lang='lat' dir='ltr'>annuo</span> 
     </span>
    </p>
   </div>
   <div class='ocr_carea' id='block_1_2' title="bbox 134 247 1052 2758">
    <p class='ocr_par' dir='ltr' id='par_1_2' title="bbox 134 247 1052 2758">
     <span class='ocr_line' id='line_1_2' title="bbox 189 247 991 317; baseline 0 -17"><span class='ocrx_word' id='word_1_6' title='bbox 189 263 240 315; x_wconf 90' lang='lat' dir='ltr'>per</span> <span class='ocrx_word' id='word_1_7' title='bbox 260 261 385 300; x_wconf 84' lang='lat' dir='ltr'>caussam</span> <span class='ocrx_word' id='word_1_8' title='bbox 403 247 590 299; x_wconf 76' lang='lat' dir='ltr'>frumentandi</span> <span class='ocrx_word' id='word_1_9' title='bbox 606 247 660 299; x_wconf 92' lang='lat' dir='ltr'>huc</span> <span class='ocrx_word' id='word_1_10' title='bbox 674 253 758 317; x_wconf 87' lang='lat' dir='ltr'>atque</span> <span class='ocrx_word' id='word_1_11' title='bbox 773 249 840 300; x_wconf 91' lang='lat' dir='ltr'>illuc</span> <span class='ocrx_word' id='word_1_12' title='bbox 849 255 991 316; x_wconf 84' lang='lat' dir='ltr'>raptaret:</span> 
     </span>
     <span class='ocr_line' id='line_1_3' title="bbox 188 317 991 386; baseline 0.002 -18"><span class='ocrx_word' id='word_1_13' title='bbox 188 317 251 369; x_wconf 91' lang='lat' dir='ltr'>ideo</span> <span class='ocrx_word' id='word_1_14' title='bbox 266 318 341 386; x_wconf 92' lang='lat' dir='ltr'>quod</span> <span class='ocrx_word' id='word_1_15' title='bbox 357 317 475 368; x_wconf 89' lang='lat' dir='ltr'>hostium</span> <span class='ocrx_word' id='word_1_16' title='bbox 489 319 581 383; x_wconf 84' lang='lat' dir='ltr'>copias</span> <span class='ocrx_word' id='word_1_17' title='bbox 595 320 630 369; x_wconf 92' lang='lat' dir='ltr'>ab</span> <span class='ocrx_word' id='word_1_18' title='bbox 645 334 675 370; x_wconf 91' lang='lat' dir='ltr'>se</span> <span class='ocrx_word' id='word_1_19' title='bbox 687 334 793 386; x_wconf 91' lang='lat' dir='ltr'>suoque</span> <span class='ocrx_word' id='word_1_20' title='bbox 806 321 925 386; x_wconf 78' lang='lat' dir='ltr'>vestigio</span> <span class='ocrx_word' id='word_1_21' title='bbox 936 336 991 370; x_wconf 89' lang='lat' dir='ltr'>nou</span> 
     </span>
     <span class='ocr_line' id='line_1_4' title="bbox 189 387 991 456; baseline 0 -18"><span class='ocrx_word' id='word_1_22' title='bbox 189 387 359 438; x_wconf 82' lang='lat' dir='ltr'>discessurus</span> <span class='ocrx_word' id='word_1_23' title='bbox 382 389 578 444; x_wconf 60' lang='lat' dir='ltr'>existimabat„</span> <span class='ocrx_word' id='word_1_24' title='bbox 603 388 691 456; x_wconf 81' lang='lat' dir='ltr'><strong>Atque</strong></span> <span class='ocrx_word' id='word_1_25' title='bbox 710 395 775 455; x_wconf 90' lang='lat' dir='ltr'>post</span> <span class='ocrx_word' id='word_1_26' title='bbox 789 389 861 440; x_wconf 90' lang='lat' dir='ltr'>diem</span> <span class='ocrx_word' id='word_1_27' title='bbox 879 390 991 439; x_wconf 83' lang='lat' dir='ltr'>tertium</span> 
     </span>
     <span class='ocr_line' id='line_1_5' title="bbox 188 458 993 526; baseline 0 -18"><span class='ocrx_word' id='word_1_28' title='bbox 188 458 338 524; x_wconf 84' lang='lat' dir='ltr'>productas</span> <span class='ocrx_word' id='word_1_29' title='bbox 360 459 516 508; x_wconf 75' lang='lat' dir='ltr'>accuratius</span> <span class='ocrx_word' id='word_1_30' title='bbox 531 473 596 508; x_wconf 85' lang='lat' dir='ltr'>suas</span> <span class='ocrx_word' id='word_1_31' title='bbox 611 460 704 524; x_wconf 88' lang='lat' dir='ltr'>copias</span> <span class='ocrx_word' id='word_1_32' title='bbox 720 459 793 509; x_wconf 87' lang='lat' dir='ltr'>sieut</span> <span class='ocrx_word' id='word_1_33' title='bbox 808 460 993 526; x_wconf 69' lang='lat' dir='ltr'>instruxerat,</span> 
     </span>
     <span class='ocr_line' id='line_1_6' title="bbox 188 525 992 596; baseline 0.002 -19"><span class='ocrx_word' id='word_1_34' title='bbox 188 534 304 594; x_wconf 88' lang='lat' dir='ltr'>propter</span> <span class='ocrx_word' id='word_1_35' title='bbox 319 525 440 578; x_wconf 88' lang='lat' dir='ltr'>hostium</span> <span class='ocrx_word' id='word_1_36' title='bbox 457 532 550 578; x_wconf 88' lang='lat' dir='ltr'>castra</span> <span class='ocrx_word' id='word_1_37' title='bbox 561 534 799 595; x_wconf 80' lang='lat' dir='ltr'>praetergressus,</span> <span class='ocrx_word' id='word_1_38' title='bbox 830 543 919 596; x_wconf 85' lang='lat' dir='ltr'>aequo</span> <span class='ocrx_word' id='word_1_39' title='bbox 930 527 992 579; x_wconf 88' lang='lat' dir='ltr'>loco</span> 
     </span>
     <span class='ocr_line' id='line_1_7' title="bbox 187 597 994 664; baseline 0.005 -18"><span class='ocrx_word' id='word_1_40' title='bbox 187 600 287 662; x_wconf 82' lang='lat' dir='ltr'>invitat</span> <span class='ocrx_word' id='word_1_41' title='bbox 297 597 332 648; x_wconf 87' lang='lat' dir='ltr'>ad</span> <span class='ocrx_word' id='word_1_42' title='bbox 343 597 535 648; x_wconf 86' lang='lat' dir='ltr'>dimicandum.</span> <span class='ocrx_word' id='word_1_43' title='bbox 573 597 721 664; x_wconf 86' lang='lat' dir='ltr'>Postquam</span> <span class='ocrx_word' id='word_1_44' title='bbox 733 598 884 651; x_wconf 86' lang='lat' dir='ltr'>abhorrere</span> <span class='ocrx_word' id='word_1_45' title='bbox 895 613 945 651; x_wconf 84' lang='lat' dir='ltr'>eos</span> <span class='ocrx_word' id='word_1_46' title='bbox 957 599 994 650; x_wconf 77' lang='lat' dir='ltr'>ri·</span> 
     </span>
     <span class='ocr_line' id='line_1_8' title="bbox 189 667 900 734; baseline 0.003 -18"><span class='ocrx_word' id='word_1_47' title='bbox 189 667 244 729; x_wconf 81' lang='lat' dir='ltr'>det,</span> <span class='ocrx_word' id='word_1_48' title='bbox 265 667 373 718; x_wconf 87' lang='lat' dir='ltr'>reducit</span> <span class='ocrx_word' id='word_1_49' title='bbox 383 667 433 718; x_wconf 93' lang='lat' dir='ltr'>sub</span> <span class='ocrx_word' id='word_1_50' title='bbox 444 682 589 733; x_wconf 88' lang='lat' dir='ltr'>vesperum</span> <span class='ocrx_word' id='word_1_51' title='bbox 600 667 726 734; x_wconf 83' lang='lat' dir='ltr'>legiones</span> <span class='ocrx_word' id='word_1_52' title='bbox 737 669 766 718; x_wconf 90' lang='lat' dir='ltr'>in</span> <span class='ocrx_word' id='word_1_53' title='bbox 778 675 879 718; x_wconf 86' lang='lat' dir='ltr'>castra.</span> <span class='ocrx_word' id='word_1_54' title='bbox 897 691 900 696; x_wconf 58' lang='lat'>¹</span> 
     </span>
     <span class='ocr_line' id='line_1_9' title="bbox 241 734 992 806; baseline 0.003 -20"><span class='ocrx_word' id='word_1_55' title='bbox 241 735 363 806; x_wconf 81' lang='lat' dir='ltr'>LXXlV.</span> <span class='ocrx_word' id='word_1_56' title='bbox 382 734 481 804; x_wconf 80' lang='lat' dir='ltr'>Legati</span> <span class='ocrx_word' id='word_1_57' title='bbox 494 738 606 789; x_wconf 87' lang='lat' dir='ltr'>interim</span> <span class='ocrx_word' id='word_1_58' title='bbox 623 752 657 787; x_wconf 81' lang='lat' dir='ltr'>ex</span> <span class='ocrx_word' id='word_1_59' title='bbox 669 738 768 804; x_wconf 92' lang='lat' dir='ltr'>oppido</span> <span class='ocrx_word' id='word_1_60' title='bbox 779 737 888 800; x_wconf 82' lang='lat' dir='ltr'>Vacca,</span> <span class='ocrx_word' id='word_1_61' title='bbox 919 736 992 805; x_wconf 90' lang='lat' dir='ltr'>quud</span> 
     </span>
     <span class='ocr_line' id='line_1_10' title="bbox 187 804 993 872; baseline 0.004 -17"><span class='ocrx_word' id='word_1_62' title='bbox 187 805 336 856; x_wconf 82' lang='lat' dir='ltr'>suntimuni</span> <span class='ocrx_word' id='word_1_63' title='bbox 353 804 406 856; x_wconf 83' lang='lat' dir='ltr'>fuit</span> <span class='ocrx_word' id='word_1_64' title='bbox 417 807 516 869; x_wconf 84' lang='lat' dir='ltr'>Zetae,</span> <span class='ocrx_word' id='word_1_65' title='bbox 547 807 624 857; x_wconf 84' lang='lat' dir='ltr'>cuius</span> <span class='ocrx_word' id='word_1_66' title='bbox 635 807 782 858; x_wconf 86' lang='lat' dir='ltr'>Caesarem</span> <span class='ocrx_word' id='word_1_67' title='bbox 799 808 919 872; x_wconf 87' lang='lat' dir='ltr'>potitum</span> <span class='ocrx_word' id='word_1_68' title='bbox 931 823 993 858; x_wconf 91' lang='lat' dir='ltr'>esse</span> 
     </span>
     <span class='ocr_line' id='line_1_11' title="bbox 189 875 991 942; baseline 0.004 -17"><span class='ocrx_word' id='word_1_69' title='bbox 189 875 451 939; x_wconf 82' lang='lat' dir='ltr'>denronstravinrus,</span> <span class='ocrx_word' id='word_1_70' title='bbox 477 877 603 939; x_wconf 81' lang='lat' dir='ltr'>veniuut3</span> <span class='ocrx_word' id='word_1_71' title='bbox 630 881 728 942; x_wconf 89' lang='lat' dir='ltr'>petunt</span> <span class='ocrx_word' id='word_1_72' title='bbox 739 882 768 926; x_wconf 86' lang='lat' dir='ltr'>et</span> <span class='ocrx_word' id='word_1_73' title='bbox 779 877 941 939; x_wconf 85' lang='lat' dir='ltr'>obsecrant,</span> <span class='ocrx_word' id='word_1_74' title='bbox 962 885 991 928; x_wconf 82' lang='lat' dir='ltr'>ut</span> 
     </span>
     <span class='ocr_line' id='line_1_12' title="bbox 188 943 993 1014; baseline 0.001 -20"><span class='ocrx_word' id='word_1_75' title='bbox 188 943 239 994; x_wconf 78' lang='lat' dir='ltr'>sili</span> <span class='ocrx_word' id='word_1_76' title='bbox 247 943 414 1009; x_wconf 79' lang='lat' dir='ltr'>praesidium</span> <span class='ocrx_word' id='word_1_77' title='bbox 425 943 537 1005; x_wconf 58' lang='lat' dir='ltr'>anitium</span> <span class='ocrx_word' id='word_1_78' title='bbox 556 961 583 996; x_wconf 80' lang='lat' dir='ltr'>se</span> <span class='ocrx_word' id='word_1_79' title='bbox 595 961 636 996; x_wconf 81' lang='lat' dir='ltr'>res</span> <span class='ocrx_word' id='word_1_80' title='bbox 648 949 810 1013; x_wconf 76' lang='lat' dir='ltr'>conrplures,</span> <span class='ocrx_word' id='word_1_81' title='bbox 832 963 899 1014; x_wconf 83' lang='lat' dir='ltr'>qaue</span> <span class='ocrx_word' id='word_1_82' title='bbox 911 945 993 996; x_wconf 79' lang='lat' dir='ltr'>utiles</span> 
     </span>
     <span class='ocr_line' id='line_1_13' title="bbox 188 1011 993 1082; baseline 0.002 -18"><span class='ocrx_word' id='word_1_83' title='bbox 188 1013 254 1064; x_wconf 81' lang='lat' dir='ltr'>lello</span> <span class='ocrx_word' id='word_1_84' title='bbox 265 1011 332 1076; x_wconf 83' lang='lat' dir='ltr'>siut,</span> <span class='ocrx_word' id='word_1_85' title='bbox 352 1013 601 1066; x_wconf 79' lang='lat' dir='ltr'>adrrriniatraturos.</span> <span class='ocrx_word' id='word_1_86' title='bbox 637 1013 691 1067; x_wconf 89' lang='lat' dir='ltr'>Per</span> <span class='ocrx_word' id='word_1_87' title='bbox 702 1015 774 1066; x_wconf 87' lang='lat' dir='ltr'>idern</span> <span class='ocrx_word' id='word_1_88' title='bbox 786 1021 912 1082; x_wconf 85' lang='lat' dir='ltr'>tempus,</span> <span class='ocrx_word' id='word_1_89' title='bbox 927 1016 993 1066; x_wconf 89' lang='lat' dir='ltr'>deo·</span> 
     </span>
     <span class='ocr_line' id='line_1_14' title="bbox 187 1081 993 1152; baseline 0.002 -18"><span class='ocrx_word' id='word_1_90' title='bbox 187 1098 249 1140; x_wconf 86' lang='lat' dir='ltr'>rum</span> <span class='ocrx_word' id='word_1_91' title='bbox 261 1081 404 1134; x_wconf 82' lang='lat' dir='ltr'>voluntate</span> <span class='ocrx_word' id='word_1_92' title='bbox 416 1084 564 1151; x_wconf 87' lang='lat' dir='ltr'>studioque</span> <span class='ocrx_word' id='word_1_93' title='bbox 575 1099 643 1152; x_wconf 84' lang='lat' dir='ltr'>ergo</span> <span class='ocrx_word' id='word_1_94' title='bbox 653 1085 815 1147; x_wconf 82' lang='lat' dir='ltr'>Caesarem,</span> <span class='ocrx_word' id='word_1_95' title='bbox 844 1084 993 1150; x_wconf 78' lang='lat' dir='ltr'>transfuga</span> 
     </span>
     <span class='ocr_line' id='line_1_15' title="bbox 188 1151 991 1223; baseline 0.002 -21"><span class='ocrx_word' id='word_1_96' title='bbox 188 1167 253 1202; x_wconf 74' lang='lat' dir='ltr'>sutas</span> <span class='ocrx_word' id='word_1_97' title='bbox 263 1153 336 1202; x_wconf 86' lang='lat' dir='ltr'>cives</span> <span class='ocrx_word' id='word_1_98' title='bbox 348 1151 414 1202; x_wconf 84' lang='lat' dir='ltr'>facit</span> <span class='ocrx_word' id='word_1_99' title='bbox 425 1156 572 1216; x_wconf 86' lang='lat' dir='ltr'>certiores,</span> <span class='ocrx_word' id='word_1_100' title='bbox 590 1153 685 1206; x_wconf 81' lang='lat' dir='ltr'>lulum</span> <span class='ocrx_word' id='word_1_101' title='bbox 696 1172 784 1223; x_wconf 82' lang='lat' dir='ltr'>regem</span> <span class='ocrx_word' id='word_1_102' title='bbox 795 1154 921 1206; x_wconf 80' lang='lat' dir='ltr'>celeriter</span> <span class='ocrx_word' id='word_1_103' title='bbox 932 1171 991 1205; x_wconf 83' lang='lat' dir='ltr'>curn</span> 
     </span>
     <span class='ocr_line' id='line_1_16' title="bbox 186 1221 992 1292; baseline 0.001 -19"><span class='ocrx_word' id='word_1_104' title='bbox 186 1221 270 1290; x_wconf 76' lang='lat' dir='ltr'>copiis</span> <span class='ocrx_word' id='word_1_105' title='bbox 282 1221 346 1285; x_wconf 76' lang='lat' dir='ltr'>cuir,</span> <span class='ocrx_word' id='word_1_106' title='bbox 367 1231 513 1290; x_wconf 78' lang='lat' dir='ltr'>antequam</span> <span class='ocrx_word' id='word_1_107' title='bbox 524 1221 824 1292; x_wconf 77' lang='lat' dir='ltr'>Caesarispraesidium</span> <span class='ocrx_word' id='word_1_108' title='bbox 834 1241 863 1275; x_wconf 85' lang='lat' dir='ltr'>eo</span> <span class='ocrx_word' id='word_1_109' title='bbox 872 1224 992 1291; x_wconf 77' lang='lat' dir='ltr'>perueni-</span> 
     </span>
     <span class='ocr_line' id='line_1_17' title="bbox 186 1291 991 1362; baseline 0.001 -19"><span class='ocrx_word' id='word_1_110' title='bbox 186 1302 241 1352; x_wconf 84' lang='lat' dir='ltr'>ret,</span> <span class='ocrx_word' id='word_1_111' title='bbox 263 1293 300 1344; x_wconf 81' lang='lat' dir='ltr'>ud</span> <span class='ocrx_word' id='word_1_112' title='bbox 310 1291 436 1360; x_wconf 82' lang='lat' dir='ltr'>oppidum</span> <span class='ocrx_word' id='word_1_113' title='bbox 448 1293 634 1344; x_wconf 79' lang='lat' dir='ltr'>adcucurrisre</span> <span class='ocrx_word' id='word_1_114' title='bbox 644 1303 738 1362; x_wconf 82' lang='lat' dir='ltr'>atque,</span> <span class='ocrx_word' id='word_1_115' title='bbox 757 1295 915 1346; x_wconf 80' lang='lat' dir='ltr'>adveniente</span> <span class='ocrx_word' id='word_1_116' title='bbox 925 1294 991 1344; x_wconf 75' lang='lat' dir='ltr'>ntul-</span> 
     </span>
     <span class='ocr_line' id='line_1_18' title="bbox 187 1361 991 1431; baseline -0.002 -17"><span class='ocrx_word' id='word_1_117' title='bbox 187 1361 304 1414; x_wconf 73' lang='lat' dir='ltr'>tliudine</span> <span class='ocrx_word' id='word_1_118' title='bbox 315 1361 493 1425; x_wconf 78' lang='lat' dir='ltr'>circumdala,</span> <span class='ocrx_word' id='word_1_119' title='bbox 510 1381 539 1413; x_wconf 91' lang='lat' dir='ltr'>eo</span> <span class='ocrx_word' id='word_1_120' title='bbox 546 1363 666 1430; x_wconf 72' lang='lat' dir='ltr'>politicus</span> <span class='ocrx_word' id='word_1_121' title='bbox 672 1381 683 1425; x_wconf 92' lang='lat'><em>;</em></span> <span class='ocrx_word' id='word_1_122' title='bbox 700 1363 868 1431; x_wconf 73' lang='lat' dir='ltr'>arnaldusque</span> <span class='ocrx_word' id='word_1_123' title='bbox 880 1363 937 1414; x_wconf 75' lang='lat' dir='ltr'>eius</span> <span class='ocrx_word' id='word_1_124' title='bbox 947 1379 991 1429; x_wconf 87' lang='lat' dir='ltr'>op·</span> 
     </span>
     <span class='ocr_line' id='line_1_19' title="bbox 182 1431 991 1504; baseline 0.001 -22"><span class='ocrx_word' id='word_1_125' title='bbox 182 1431 244 1500; x_wconf 79' lang='lat' dir='ltr'>pidt&#39;</span> <span class='ocrx_word' id='word_1_126' title='bbox 253 1431 347 1484; x_wconf 82' lang='lat' dir='ltr'>ineolis</span> <span class='ocrx_word' id='word_1_127' title='bbox 359 1433 395 1483; x_wconf 83' lang='lat' dir='ltr'>ad</span> <span class='ocrx_word' id='word_1_128' title='bbox 404 1449 483 1484; x_wconf 79' lang='lat' dir='ltr'>urrrun</span> <span class='ocrx_word' id='word_1_129' title='bbox 494 1431 658 1504; x_wconf 78' lang='lat' dir='ltr'>intersectis,</span> <span class='ocrx_word' id='word_1_130' title='bbox 678 1433 778 1485; x_wconf 77' lang='lat' dir='ltr'>dedisse</span> <span class='ocrx_word' id='word_1_131' title='bbox 789 1433 915 1501; x_wconf 78' lang='lat' dir='ltr'>oppidum</span> <span class='ocrx_word' id='word_1_132' title='bbox 926 1432 991 1483; x_wconf 64' lang='lat' dir='ltr'>dira-</span> 
     </span>
     <span class='ocr_line' id='line_1_20' title="bbox 185 1500 904 1570; baseline 0.003 -18"><span class='ocrx_word' id='word_1_133' title='bbox 185 1500 311 1568; x_wconf 80' lang='lat' dir='ltr'>pr&#39;endurn</span> <span class='ocrx_word' id='word_1_134' title='bbox 322 1503 509 1570; x_wconf 83' lang='lat' dir='ltr'>delendumque</span> <span class='ocrx_word' id='word_1_135' title='bbox 521 1503 659 1554; x_wconf 79' lang='lat' dir='ltr'>militibus.</span> <span class='ocrx_word' id='word_1_136' title='bbox 899 1551 904 1560; x_wconf 80' lang='grc'><strong>,</strong></span> 
     </span>
     <span class='ocr_line' id='line_1_21' title="bbox 238 1569 1052 1642; baseline 0 -20"><span class='ocrx_word' id='word_1_137' title='bbox 238 1571 349 1624; x_wconf 83' lang='lat' dir='ltr'>LXXV.</span> <span class='ocrx_word' id='word_1_138' title='bbox 369 1573 470 1624; x_wconf 86' lang='lat' dir='ltr'>Caesar</span> <span class='ocrx_word' id='word_1_139' title='bbox 491 1574 615 1634; x_wconf 86' lang='lat' dir='ltr'>interim,</span> <span class='ocrx_word' id='word_1_140' title='bbox 645 1572 764 1624; x_wconf 88' lang='lat' dir='ltr'>lustrato</span> <span class='ocrx_word' id='word_1_141' title='bbox 782 1573 908 1625; x_wconf 85' lang='lat' dir='ltr'>exercitu</span> <span class='ocrx_word' id='word_1_142' title='bbox 926 1586 951 1622; x_wconf 88' lang='lat' dir='ltr'>a.</span> <span class='ocrx_word' id='word_1_143' title='bbox 964 1569 991 1622; x_wconf 89' lang='lat' dir='ltr'>d.</span> <span class='ocrx_word' id='word_1_144' title='bbox 1051 1635 1052 1642; x_wconf 9' lang='grc' dir='ltr'>ἵ</span> 
     </span>
     <span class='ocr_line' id='line_1_22' title="bbox 186 1640 993 1710; baseline -0.001 -19"><span class='ocrx_word' id='word_1_145' title='bbox 186 1640 246 1702; x_wconf 85' lang='lat' dir='ltr'>Xll.</span> <span class='ocrx_word' id='word_1_146' title='bbox 257 1641 321 1691; x_wconf 88' lang='lat' dir='ltr'>Kal.</span> <span class='ocrx_word' id='word_1_147' title='bbox 333 1641 448 1708; x_wconf 79' lang='lat' dir='ltr'>Apriles,</span> <span class='ocrx_word' id='word_1_148' title='bbox 467 1649 578 1707; x_wconf 82' lang='lat' dir='ltr'>postero</span> <span class='ocrx_word' id='word_1_149' title='bbox 591 1643 635 1693; x_wconf 90' lang='lat' dir='ltr'>die</span> <span class='ocrx_word' id='word_1_150' title='bbox 647 1643 789 1710; x_wconf 89' lang='lat' dir='ltr'>productis</span> <span class='ocrx_word' id='word_1_151' title='bbox 799 1643 936 1692; x_wconf 88' lang='lat' dir='ltr'>universis</span> <span class='ocrx_word' id='word_1_152' title='bbox 947 1656 993 1691; x_wconf 89' lang='lat' dir='ltr'>co·</span> 
     </span>
     <span class='ocr_line' id='line_1_23' title="bbox 186 1712 1052 1780; baseline 0.001 -20"><span class='ocrx_word' id='word_1_153' title='bbox 186 1713 248 1776; x_wconf 85' lang='lat' dir='ltr'>piis,</span> <span class='ocrx_word' id='word_1_154' title='bbox 260 1725 423 1776; x_wconf 86' lang='lat' dir='ltr'>progressus</span> <span class='ocrx_word' id='word_1_155' title='bbox 434 1713 519 1762; x_wconf 81' lang='lat' dir='ltr'>asnis</span> <span class='ocrx_word' id='word_1_156' title='bbox 531 1713 628 1763; x_wconf 88' lang='lat' dir='ltr'>castris</span> <span class='ocrx_word' id='word_1_157' title='bbox 642 1713 717 1764; x_wconf 91' lang='lat' dir='ltr'>milia</span> <span class='ocrx_word' id='word_1_158' title='bbox 723 1727 850 1780; x_wconf 89' lang='lat' dir='ltr'>passuum</span> <span class='ocrx_word' id='word_1_159' title='bbox 859 1712 993 1778; x_wconf 83' lang='lat' dir='ltr'>quinque,</span> <span class='ocrx_word' id='word_1_160' title='bbox 1051 1751 1052 1778; x_wconf 48' lang='lat'>3</span> 
     </span>
     <span class='ocr_line' id='line_1_24' title="bbox 186 1779 1052 1847; baseline 0 -17"><span class='ocrx_word' id='word_1_161' title='bbox 186 1795 203 1830; x_wconf 88' lang='lat' dir='ltr'>a</span> <span class='ocrx_word' id='word_1_162' title='bbox 216 1779 354 1844; x_wconf 51' lang='lat' dir='ltr'>¹Scipionis</span> <span class='ocrx_word' id='word_1_163' title='bbox 370 1781 481 1832; x_wconf 87' lang='lat' dir='ltr'>circiter</span> <span class='ocrx_word' id='word_1_164' title='bbox 497 1781 580 1832; x_wconf 92' lang='lat' dir='ltr'>duum</span> <span class='ocrx_word' id='word_1_165' title='bbox 598 1782 706 1832; x_wconf 91' lang='lat' dir='ltr'>milium</span> <span class='ocrx_word' id='word_1_166' title='bbox 724 1783 870 1833; x_wconf 86' lang='lat' dir='ltr'>interiecto</span> <span class='ocrx_word' id='word_1_167' title='bbox 887 1782 992 1847; x_wconf 88' lang='lat' dir='ltr'>spatio,</span> <span class='ocrx_word' id='word_1_168' title='bbox 1051 1783 1052 1796; x_wconf 65' lang='lat'>¹</span> 
     </span>
     <span class='ocr_line' id='line_1_25' title="bbox 185 1848 993 1920; baseline -0.002 -21"><span class='ocrx_word' id='word_1_169' title='bbox 185 1851 214 1899; x_wconf 90' lang='lat' dir='ltr'>iu</span> <span class='ocrx_word' id='word_1_170' title='bbox 227 1850 285 1899; x_wconf 88' lang='lat' dir='ltr'>acie</span> <span class='ocrx_word' id='word_1_171' title='bbox 297 1851 431 1900; x_wconf 87' lang='lat' dir='ltr'>constitit.</span> <span class='ocrx_word' id='word_1_172' title='bbox 455 1848 604 1918; x_wconf 88' lang='lat' dir='ltr'>Postquam</span> <span class='ocrx_word' id='word_1_173' title='bbox 616 1854 683 1902; x_wconf 89' lang='lat' dir='ltr'>satis</span> <span class='ocrx_word' id='word_1_174' title='bbox 695 1853 795 1920; x_wconf 87' lang='lat' dir='ltr'>diuque</span> <span class='ocrx_word' id='word_1_175' title='bbox 806 1850 993 1913; x_wconf 80' lang='lat' dir='ltr'>adversarios,</span> 
     </span>
     <span class='ocr_line' id='line_1_26' title="bbox 185 1918 1052 1988; baseline -0.003 -16"><span class='ocrx_word' id='word_1_176' title='bbox 185 1934 242 1972; x_wconf 82' lang='lat' dir='ltr'>ase</span> <span class='ocrx_word' id='word_1_177' title='bbox 255 1918 290 1968; x_wconf 91' lang='lat' dir='ltr'>ad</span> <span class='ocrx_word' id='word_1_178' title='bbox 299 1918 490 1970; x_wconf 89' lang='lat' dir='ltr'>dimicandum</span> <span class='ocrx_word' id='word_1_179' title='bbox 503 1921 635 1971; x_wconf 81' lang='lat' dir='ltr'>invitatos</span> <span class='ocrx_word' id='word_1_180' title='bbox 641 1959 649 1984; x_wconf 96' lang='lat'>,</span> <span class='ocrx_word' id='word_1_181' title='bbox 680 1922 862 1988; x_wconf 84' lang='lat' dir='ltr'>supersedere</span> <span class='ocrx_word' id='word_1_182' title='bbox 878 1935 992 1987; x_wconf 82' lang='lat' dir='ltr'>pugnae</span> <span class='ocrx_word' id='word_1_183' title='bbox 1051 1919 1052 1946; x_wconf 67' lang='lat'>;</span> 
     </span>
     <span class='ocr_line' id='line_1_27' title="bbox 185 1988 994 2055; baseline 0.001 -15"><span class='ocrx_word' id='word_1_184' title='bbox 185 1988 392 2051; x_wconf 80' lang='lat' dir='ltr'>airirnadrertit,</span> <span class='ocrx_word' id='word_1_185' title='bbox 422 1989 529 2042; x_wconf 84' lang='lat' dir='ltr'>reducit</span> <span class='ocrx_word' id='word_1_186' title='bbox 551 1992 652 2055; x_wconf 70' lang='lat' dir='ltr'>eriprias.</span> <span class='ocrx_word' id='word_1_187' title='bbox 695 1991 811 2043; x_wconf 85' lang='lat' dir='ltr'>Postero</span> <span class='ocrx_word' id='word_1_188' title='bbox 833 1989 876 2041; x_wconf 85' lang='lat' dir='ltr'>die</span> <span class='ocrx_word' id='word_1_189' title='bbox 896 1995 994 2041; x_wconf 85' lang='lat' dir='ltr'>castra</span> 
     </span>
     <span class='ocr_line' id='line_1_28' title="bbox 186 2058 992 2127; baseline 0.001 -17"><span class='ocrx_word' id='word_1_190' title='bbox 186 2067 279 2110; x_wconf 81' lang='lat' dir='ltr'>nrouet</span> <span class='ocrx_word' id='word_1_191' title='bbox 290 2065 375 2127; x_wconf 87' lang='lat' dir='ltr'>atque</span> <span class='ocrx_word' id='word_1_192' title='bbox 385 2061 440 2116; x_wconf 83' lang='lat' dir='ltr'>iter</span> <span class='ocrx_word' id='word_1_193' title='bbox 455 2059 491 2109; x_wconf 85' lang='lat' dir='ltr'>ad</span> <span class='ocrx_word' id='word_1_194' title='bbox 502 2061 630 2126; x_wconf 83' lang='lat' dir='ltr'>oppidum</span> <span class='ocrx_word' id='word_1_195' title='bbox 644 2060 805 2123; x_wconf 76' lang='lat' dir='ltr'>Sameram,</span> <span class='ocrx_word' id='word_1_196' title='bbox 834 2059 881 2110; x_wconf 88' lang='lat' dir='ltr'>ubi</span> <span class='ocrx_word' id='word_1_197' title='bbox 893 2058 992 2126; x_wconf 86' lang='lat' dir='ltr'>Scipio</span> 
     </span>
     <span class='ocr_line' id='line_1_29' title="bbox 187 2127 992 2196; baseline -0.002 -14"><span class='ocrx_word' id='word_1_198' title='bbox 187 2128 369 2194; x_wconf 60' lang='lat' dir='ltr'>¹lt&#39;unridarum</span> <span class='ocrx_word' id='word_1_199' title='bbox 397 2127 536 2186; x_wconf 71' lang='lat' dir='ltr'>habuerat,</span> <span class='ocrx_word' id='word_1_200' title='bbox 566 2131 733 2196; x_wconf 88' lang='lat' dir='ltr'>praesidium</span> <span class='ocrx_word' id='word_1_201' title='bbox 760 2131 992 2196; x_wconf 83' lang='lat' dir='ltr'>frumentumque</span> 
     </span>
     <span class='ocr_line' id='line_1_30' title="bbox 187 2199 993 2266; baseline -0.002 -16"><span class='ocrx_word' id='word_1_202' title='bbox 187 2205 423 2266; x_wconf 70' lang='lat' dir='ltr'>comportaverat,</span> <span class='ocrx_word' id='word_1_203' title='bbox 444 2199 485 2249; x_wconf 81' lang='lat' dir='ltr'>ir&#39;e</span> <span class='ocrx_word' id='word_1_204' title='bbox 501 2201 652 2252; x_wconf 83' lang='lat' dir='ltr'>contendit.</span> <span class='ocrx_word' id='word_1_205' title='bbox 689 2201 770 2262; x_wconf 76' lang='lat' dir='ltr'>Quod</span> <span class='ocrx_word' id='word_1_206' title='bbox 785 2200 831 2251; x_wconf 82' lang='lat' dir='ltr'>uhi</span> <span class='ocrx_word' id='word_1_207' title='bbox 848 2199 993 2249; x_wconf 77' lang='lat' dir='ltr'>Labienus</span> 
     </span>
     <span class='ocr_line' id='line_1_31' title="bbox 186 2269 991 2338; baseline -0.004 -18"><span class='ocrx_word' id='word_1_208' title='bbox 186 2270 392 2333; x_wconf 84' lang='lat' dir='ltr'>animadvertit,</span> <span class='ocrx_word' id='word_1_209' title='bbox 404 2285 465 2320; x_wconf 91' lang='lat' dir='ltr'>cum</span> <span class='ocrx_word' id='word_1_210' title='bbox 478 2273 602 2336; x_wconf 83' lang='lat' dir='ltr'>equitatu</span> <span class='ocrx_word' id='word_1_211' title='bbox 613 2269 721 2338; x_wconf 80' lang='lat' dir='ltr'>levique</span> <span class='ocrx_word' id='word_1_212' title='bbox 734 2271 876 2321; x_wconf 79' lang='lat' dir='ltr'>arrirat&#39;ura</span> <span class='ocrx_word' id='word_1_213' title='bbox 886 2281 991 2334; x_wconf 84' lang='lat' dir='ltr'>agmen</span> 
     </span>
     <span class='ocr_line' id='line_1_32' title="bbox 134 2339 992 2408; baseline -0.002 -19"><span class='ocrx_word' id='word_1_214' title='bbox 134 2398 136 2405; x_wconf 32' lang='grc' dir='ltr'>Ι</span> <span class='ocrx_word' id='word_1_215' title='bbox 187 2339 639 2406; x_wconf 82' lang='lat' dir='ltr'>eiusextremumcarperocoepit:</span> <span class='ocrx_word' id='word_1_216' title='bbox 651 2347 733 2408; x_wconf 88' lang='lat' dir='ltr'>atque</span> <span class='ocrx_word' id='word_1_217' title='bbox 744 2342 784 2391; x_wconf 81' lang='lat' dir='ltr'>it&#39;a</span> <span class='ocrx_word' id='word_1_218' title='bbox 794 2340 911 2390; x_wconf 84' lang='lat' dir='ltr'>lixarum</span> <span class='ocrx_word' id='word_1_219' title='bbox 919 2353 992 2388; x_wconf 81' lang='lat' dir='ltr'>nicr-</span> 
     </span>
     <span class='ocr_line' id='line_1_33' title="bbox 186 2409 994 2476; baseline -0.001 -18"><span class='ocrx_word' id='word_1_220' title='bbox 186 2410 381 2476; x_wconf 82' lang='lat' dir='ltr'>eatoru&#39;mquc,</span> <span class='ocrx_word' id='word_1_221' title='bbox 411 2410 457 2476; x_wconf 87' lang='lat' dir='ltr'>qui</span> <span class='ocrx_word' id='word_1_222' title='bbox 472 2409 582 2476; x_wconf 85' lang='lat' dir='ltr'>plostris</span> <span class='ocrx_word' id='word_1_223' title='bbox 593 2425 701 2461; x_wconf 86' lang='lat' dir='ltr'>merces</span> <span class='ocrx_word' id='word_1_224' title='bbox 712 2411 875 2476; x_wconf 87' lang='lat' dir='ltr'>portabant,</span> <span class='ocrx_word' id='word_1_225' title='bbox 904 2409 994 2458; x_wconf 88' lang='lat' dir='ltr'>inter·</span> 
     </span>
     <span class='ocr_line' id='line_1_34' title="bbox 184 2478 993 2546; baseline 0.004 -20"><span class='ocrx_word' id='word_1_226' title='bbox 184 2481 274 2542; x_wconf 30' lang='lat' dir='ltr'>,ceptis</span> <span class='ocrx_word' id='word_1_227' title='bbox 286 2481 416 2540; x_wconf 88' lang='lat' dir='ltr'>sarcinis,</span> <span class='ocrx_word' id='word_1_228' title='bbox 437 2479 532 2530; x_wconf 88' lang='lat' dir='ltr'>addito</span> <span class='ocrx_word' id='word_1_229' title='bbox 548 2480 654 2540; x_wconf 73' lang='lat' dir='ltr'>anuinio,</span> <span class='ocrx_word' id='word_1_230' title='bbox 675 2481 789 2546; x_wconf 85' lang='lat' dir='ltr'>propius</span> <span class='ocrx_word' id='word_1_231' title='bbox 800 2478 993 2544; x_wconf 85' lang='lat' dir='ltr'>audaciusque</span> 
     </span>
     <span class='ocr_line' id='line_1_35' title="bbox 186 2546 992 2614; baseline 0.006 -21"><span class='ocrx_word' id='word_1_232' title='bbox 186 2546 295 2596; x_wconf 83' lang='lat' dir='ltr'>accedit</span> <span class='ocrx_word' id='word_1_233' title='bbox 305 2547 340 2612; x_wconf 82' lang='lat' dir='ltr'>ad</span> <span class='ocrx_word' id='word_1_234' title='bbox 351 2548 491 2613; x_wconf 64' lang='lat' dir='ltr'>legionem</span> <span class='ocrx_word' id='word_1_235' title='bbox 521 2548 594 2614; x_wconf 88' lang='lat' dir='ltr'>quod</span> <span class='ocrx_word' id='word_1_236' title='bbox 608 2549 798 2610; x_wconf 81' lang='lat' dir='ltr'>existimabat,</span> <span class='ocrx_word' id='word_1_237' title='bbox 823 2547 926 2598; x_wconf 83' lang='lat' dir='ltr'>milites</span> <span class='ocrx_word' id='word_1_238' title='bbox 938 2546 992 2598; x_wconf 89' lang='lat' dir='ltr'>sub</span> 
     </span>
     <span class='ocr_line' id='line_1_36' title="bbox 186 2615 993 2684; baseline 0.011 -25"><span class='ocrx_word' id='word_1_239' title='bbox 186 2626 271 2664; x_wconf 81' lang='lat' dir='ltr'>oriere</span> <span class='ocrx_word' id='word_1_240' title='bbox 283 2629 314 2664; x_wconf 91' lang='lat' dir='ltr'>ac</span> <span class='ocrx_word' id='word_1_241' title='bbox 323 2616 374 2665; x_wconf 90' lang='lat' dir='ltr'>sub</span> <span class='ocrx_word' id='word_1_242' title='bbox 385 2616 500 2665; x_wconf 84' lang='lat' dir='ltr'>sarcinis</span> <span class='ocrx_word' id='word_1_243' title='bbox 511 2615 678 2682; x_wconf 81' lang='lat' dir='ltr'>defatigatos</span> <span class='ocrx_word' id='word_1_244' title='bbox 694 2633 817 2684; x_wconf 78' lang='lat' dir='ltr'>pugnare</span> <span class='ocrx_word' id='word_1_245' title='bbox 833 2632 886 2667; x_wconf 91' lang='lat' dir='ltr'>non</span> <span class='ocrx_word' id='word_1_246' title='bbox 898 2630 993 2681; x_wconf 83' lang='lat' dir='ltr'>posse.</span> 
     </span>
     <span class='ocr_line' id='line_1_37' title="bbox 186 2679 993 2758; baseline 0.011 -31"><span class='ocrx_word' id='word_1_247' title='bbox 186 2679 264 2740; x_wconf 67' lang='lat' dir='ltr'>(lirae</span> <span class='ocrx_word' id='word_1_248' title='bbox 276 2697 321 2732; x_wconf 87' lang='lat' dir='ltr'>res</span> <span class='ocrx_word' id='word_1_249' title='bbox 332 2683 478 2734; x_wconf 86' lang='lat' dir='ltr'>Caesarem</span> <span class='ocrx_word' id='word_1_250' title='bbox 490 2683 705 2738; x_wconf 82' lang='lat' dir='ltr'>nunsefellerat:</span> <span class='ocrx_word' id='word_1_251' title='bbox 719 2685 993 2758; x_wconf 72' lang='lat' dir='ltr'>narnqueeapeditos</span> 
     </span>
    </p>
   </div>
   <div class='ocr_carea' id='block_1_3' title="bbox 0 0 1072 3148">
    <p class='ocr_par' dir='ltr' id='par_1_3' title="bbox 0 0 1072 3148">
     <span class='ocr_line' id='line_1_38' title="bbox 0 0 1072 3148; baseline 0 0"><span class='ocrx_word' id='word_1_252' title='bbox 0 0 1072 3148; x_wconf 95' lang='lat' dir='ltr'> </span> 
     </span>
    </p>
   </div>
  </div>
 </body>
</html>
