2152 3132
185 213 234 274 118
369 221 425 274 DE
444 219 586 274 BELLO
606 213 792 274 GALLICG
914 299 918 305 Ι

182 327 270 376 cltum
290 325 407 378 mandre·
429 325 563 377 decrevit.
600 324 671 378 Nam
688 325 737 376 illo
759 311 937 379 incommodo
953 326 988 380 de

98 417 101 422 ·
182 394 281 448 Sabini
292 402 383 448 morte
400 396 526 462 perlato,
549 386 648 447 omnes
664 395 724 447 lere
736 394 846 447 Galliae
858 397 987 448 civitates

182 464 302 517 dehello
314 465 520 528 consultabant,
535 465 652 537 nuncios
664 465 878 533 legationesque
890 466 920 516 in
932 481 988 517 om-

183 547 235 586 nes
247 533 343 600 partes
356 535 536 587 dimittebant
545 541 581 597 et,
597 535 663 602 quid
675 535 778 603 reliqui
788 535 898 587 consilii
910 529 989 601 cape·

182 603 250 655 ient
260 604 347 673 atque
356 606 430 657 unde
442 606 552 656 initium
563 606 630 656 belli
641 604 733 668 lieret,
746 605 928 670 explorabant
941 617 988 654 na·

183 683 339 742 ‹tturnaque
350 675 379 725 in
391 676 460 726 loeis
477 675 597 726 desertis
614 675 732 727 concilia
748 673 896 726 habebant.
932 673 986 725 Ne·

183 740 238 864 Suc
254 745 343 796 ullum
360 744 419 797 fere
436 742 525 796 totius
539 743 640 797 hiemis
655 751 765 811 tempus
782 745 841 795 sine
854 743 989 795 sollicitu-

204 815 250 866 ine
262 807 391 865 Caesaris
402 814 578 877 intercessit,
601 811 671 882 quin¹
681 815 802 882 aliquem
814 814 848 864 dc
861 812 989 864 conciliis

184 892 217 934 ac
227 890 307 950 motu
318 883 464 934 Gallorum
477 883 608 934 nuncium
623 879 772 951 acciperet.
809 885 839 937 ln
852 881 896 934 his
908 883 942 933 ab
954 881 987 934 L.

183 951 285 1004 Roscio
294 954 401 1022 legato,¹
409 967 492 1020 quem
502 953 606 1020 legioni
616 953 679 1020 Xlll
692 952 872 1019 praefecerat,
884 953 989 1004 certior

184 1019 228 1074 est
238 1019 338 1084 factus,
350 1037 465 1088 magnas
473 1021 617 1072 Gallorum
627 1024 719 1089 copias
729 1037 827 1073 earum
837 1023 990 1086 civitatum,

183 1098 256 1162 quae
267 1093 427 1144 Armoricae
440 1084 628 1158 adpellant'nr,
647 1093 825 1160 oppugnandi
834 1092 878 1143 sui
890 1108 991 1143 caussa

183 1163 363 1213 convenisse:
387 1159 477 1228 n‘eq'uc
494 1159 607 1229 longius
622 1163 702 1213 milia
716 1177 848 1229 passuum
868 1161 933 1214 Vlll
955 1161 990 1213 ab

182 1229 311 1282 hibernis
327 1231 385 1283 suis
402 1230 523 1294 afuisse3
544 1231 596 1283 sed
606 1229 708 1283 nuncio
720 1231 815 1283 adlato
828 1231 862 1283 de
872 1231 991 1284 victoria

184 1295 311 1352 dassaris
342 1301 515 1370 discessisse,
535 1301 615 1365 adeo,
635 1307 667 1352 ut
677 1301 764 1371 fugae
776 1302 875 1353 similis
887 1301 991 1353 disces·

183 1339 395 1423 snlsru'dei'dtur.
932 1415 936 1421 .
989 1413 996 1426 ,

192 1437 197 1464 ²
212 1447 214 1454 ’
236 1440 308 1493 LIV.
324 1442 360 1493 At
372 1441 482 1504 Caesar,
494 1440 664 1510 principibus
677 1440 809 1510 cuiusque
821 1441 942 1493 civitatis
955 1435 992 1492 ad

184 1511 360 1573 se⁴croeatis,
373 1511 442 1562 alias
451 1511 619 1580 territando,
631 1526 715 1579 quum
726 1527 756 1563 se
768 1513 848 1574 scire,
859 1527 930 1579 quae
942 1509 991 1562 lie·

183 1577 457 1646 rentsdenunciaret,
470 1582 539 1633 alias
551 1578 730 1646 cohortando,
742 1597 871 1648 magnam
882 1586 991 1647 partem
1063 1629 1064 1634 ,

185 1649 297 1716 Galliac
309 1652 336 1700 in
349 1651 440 1703 officio
452 1652 551 1702 tenuit.
587 1653 693 1704 Tamen
705 1650 844 1714 Senones,
865 1665 935 1717 quac
947 1655 992 1700 cst

185 1720 283 1770 ciuitas
295 1721 424 1786 inprimis
439 1720 521 1772 firma
534 1727 563 1772 et
573 1717 691 1788 magnae
702 1721 778 1771 inter
788 1719 885 1771 Gallos
896 1724 991 1784 aucto·

184 1789 288 1852 ritatis,
310 1791 488 1854 Cavarinum,
510 1805 592 1860 quem
610 1792 712 1841 Caesar
732 1789 807 1855 apud
829 1804 877 1839 eos
893 1802 990 1856 regem

185 1857 385 1922 constituerat,
407 1859 498 1923 (cuins
514 1861 603 1912 frater
613 1859 801 1926 Moritasgus,
822 1859 945 1908 adventu
960 1858 990 1908 in

185 1925 308 1979 Galliam
320 1928 461 1994 Caesaris,
477 1931 610 1997 cuiusque
620 1930 742 1979 maiores
753 1943 869 1996 regnum
883 1928 992 1979 obtinu-

186 2002 280 2060 erant)
292 1999 450 2051 interlicere
462 2001 572 2067 publico
585 1997 700 2049 consilio
713 1999 822 2061 eonati,
845 2013 929 2066 quum
940 1997 991 2050 ille

182 2069 390 2138 praesensisset
401 2085 433 2121 ae
445 2068 630 2136 profugisset,
651 2081 739 2135 usque
752 2066 870 2118 adfines
882 2069 991 2119 inseca-

183 2139 221 2202 ti,
230 2153 317 2206 regno
330 2139 467 2207 domoque
480 2138 658 2206 expulerunt:
682 2141 725 2200 et,
739 2137 832 2189 missis
845 2137 881 2188 ad
892 2138 991 2189 Caesa·

183 2208 449 2261 rem'satisfaciundi
461 2223 561 2273 caussa
571 2207 684 2276 legatis,
701 2222 785 2275 quum
795 2208 819 2258 is
832 2221 941 2259 omnem
954 2207 991 2259 ad

184 2293 216 2332 se
228 2286 355 2331 senatum
365 2281 458 2332 venire
469 2277 608 2341 iussisset,
619 2277 694 2328 dicto
706 2277 850 2328 audientes
863 2293 919 2330 non
932 2276 992 2328 sae·

183 2347 261 2402 runt.
298 2351 420 2400 Tantum
433 2348 506 2415 apud
519 2345 644 2404 homines
656 2348 791 2400 barbaras
803 2346 904 2412 valuit,
926 2361 990 2400 esse

183 2422 314 2484 repertos
325 2419 433 2486 aliquos
450 2420 589 2486 principes
608 2417 677 2470 belli
693 2416 848 2480 inferendi,
869 2422 992 2468 tantam·

185 2488 388 2555 que'omnibus
410 2487 587 2539 voluntatum
609 2488 857 2540 commutationem
878 2485 1003 2547 adtulit,

183 2563 225 2617 ut,
237 2557 466 2620 praeterdeduos
479 2559 625 2622 etllemos,
637 2573 707 2627 quos
719 2556 869 2626 praecipuo
878 2570 989 2622 seraper

184 2621 291 2676 honore
303 2625 406 2676 Caesar
422 2625 534 2690 habuit,
556 2627 661 2678 alteros
677 2643 728 2695 pto
743 2633 837 2680 vetere
849 2641 880 2676 ac
890 2639 990 2694 perpe·

184 2698 234 2742 tua
246 2708 314 2760 erga
325 2694 457 2761 populum
469 2695 623 2748 Romanum
634 2697 704 2761 lide,
715 2697 820 2749 alteros
832 2709 882 2764 pro
894 2710 989 2746 recen·

185 2761 261 2812 tibus
278 2761 377 2813 Gallici
398 2763 466 2815 belli
487 2764 600 2835 officiis,
620 2767 698 2824 nulla
712 2766 773 2818 iere
789 2765 885 2816 civitas
902 2761 991 2822 suerit
