2124 3154
168 180 221 237 ⁴⁸8
402 225 405 231 .
443 172 504 230 oc
529 179 693 232 cneco
727 167 733 170 “

168 299 220 351 que
226 291 439 351 praestaturum.
468 283 519 346 lta,
530 299 554 334 a
566 283 592 334 d¹
603 282 651 334 Xl.
666 281 729 333 Kal.
741 281 862 334 Martias
871 279 974 348 oppido

168 355 284 421 potitus,
305 351 681 421 imperatorestadpellatus.

221 425 281 474 XX.
300 421 381 484 Quod
397 421 542 489 Pompeius
558 437 594 473 cx
607 421 733 489 perfugis
754 437 839 488 quum
855 421 975 472 deditio-

156 509 233 545 ueni
245 493 337 559 oppidi
348 491 450 542 laetam
460 507 523 542 esse
533 493 639 552 scisset,
657 499 749 542 eastra
759 493 851 542 movit·
857 491 975 542 Ucubim

168 579 281 625 versus,
303 567 332 612 et
342 563 448 610 circum·
455 576 489 612 ea
499 561 562 612 loca
573 561 687 612 castella
697 561 833 628 disposuit
842 566 874 612 et
884 563 977 611 muni-

168 632 295 683 tionibus
311 645 341 682 se
356 633 499 682 continere
516 633 615 696 coepit
652 630 754 682 Caesar
768 632 855 681 morit
869 638 899 681 et
909 645 976 698 pro-

168 703 232 770 pius
247 707 339 752 castra
353 702 452 750 eastris
470 701 597 751 eontulit.
634 701 740 752 Eodem
754 707 881 766 tempore
892 715 977 750 ruane

169 773 307 824 loricatus
322 785 394 820 uirus
410 784 445 820 ex
461 770 573 838 legione
586 772 736 822 vernacula
746 769 781 822 ad
792 785 842 822 nos
852 768 977 820 transiu-

170 844 214 909 git
233 848 262 893 et
282 839 435 901 nunciavit,
465 839 623 905 Pompeium
644 841 796 908 oppidanos
813 841 977 890 Ucubenses

172 923 338 962 convocasse
348 909 445 974 eisque·
452 911 493 959 ita
501 910 688 975 imperavisse,
707 918 748 972 ut,
770 909 917 977 diligentia
927 909 976 958 ad-

170 979 275 1041 hibito,
305 981 512 1044 perquirerent,
537 982 584 1046 qui
604 987 698 1030 essent
716 995 828 1030 suarum
850 981 975 1044 partiunt

170 1053 294 1116 itemque
318 1047 541 1098 adversariorum
566 1049 701 1100 victoriae
726 1049 858 1099 fautores.
912 1049 979 1097 lice

169 1119 325 1188 praeterito
336 1122 469 1182 tempore,
480 1119 508 1166 in
520 1118 630 1184 oppido,
641 1117 715 1186 quod
725 1118 778 1168 luit
789 1125 906 1182 captum,
919 1133 978 1168 ser·

170 1206 220 1249 pus
232 1195 275 1240 est
286 1185 438 1254 prehensus
453 1189 480 1236 iu
491 1188 635 1251 cuniculo,
665 1203 745 1256 quem
764 1203 848 1254 supra
862 1186 978 1238 demon·

171 1260 334 1320 stravimus,
358 1257 498 1308 dominum
510 1258 664 1324 iugulosse:
688 1260 712 1308 is
722 1261 798 1308 virus
810 1263 854 1309 est
863 1257 977 1307 conibu-

171 1336 241 1380 stus.
266 1327 396 1394 Idemque
408 1327 541 1392 temporis
553 1329 733 1379 centuriones
742 1327 853 1380 loricati
864 1332 929 1376 octo
940 1325 977 1377 ad

172 1399 320 1450 Caesarem
335 1395 550 1464 transfugerunt
569 1411 604 1447 ex
622 1397 734 1465 legione
749 1395 913 1459 vernacula,
947 1401 980 1448 et'

172 1469 279 1536 equites
291 1468 378 1517 nostri
386 1481 448 1516 cum
456 1467 682 1519 adversariorum
689 1469 826 1534 equitibus
832 1469 976 1534 congressi

171 1541 237 1587 sunt
256 1542 285 1587 et
300 1536 387 1587 saucii
405 1537 511 1602 aliquot
525 1536 686 1588 occiderunt
701 1553 736 1588 er
751 1538 804 1588 leri
821 1543 975 1586 armatura.

169 1605 213 1656 Ea
225 1612 307 1656 noete
319 1606 508 1673 speculatores
523 1604 653 1672 prehensi
667 1607 741 1657 servi
758 1613 833 1668 tres,
861 1610 890 1656 et
902 1621 975 1656 unus

171 1686 207 1726 ex
216 1675 328 1740 legione
339 1677 497 1726 vernacula.
534 1674 612 1726 Servi
622 1682 688 1727 suut
702 1678 731 1727 in
742 1690 850 1726 crucem
862 1675 976 1738 sublati,

170 1745 253 1795 militi
264 1744 385 1795 cervices
396 1745 531 1796 abscisae.
827 1781 830 1786 -

223 1813 298 1863 XXl.
316 1811 434 1862 Postero
450 1813 495 1863 die
511 1815 620 1882 equites
634 1830 696 1865 curn
712 1813 767 1866 leri
781 1819 921 1865 armatura
940 1829 977 1866 ex

171 1881 396 1932 adversariorum
411 1883 512 1932 eastris
526 1883 561 1933 ad
572 1899 622 1936 nos
634 1883 854 1951 transfugerunt.
890 1883 927 1934 Et
939 1899 975 1934 eo

170 1958 296 2025 tempore
308 1951 419 2002 circiter
429 1950 468 2002 Xl
479 1954 586 2019 equites
603 1955 637 2007 ad
648 1959 795 2022 aquatores
806 1960 916 2005 nostros
927 1968 976 2004 ex-

171 2026 364 2082 cucurrerunt,
384 2021 532 2072 nonnullos
543 2023 754 2085 interfecerunt,
772 2025 839 2074 item
853 2022 923 2074 alios
934 2027 975 2074 vi-

169 2108 221 2144 vos
243 2092 427 2144 abduxerunt.
464 2093 507 2143 Ex
527 2095 666 2159 equitibus
686 2095 759 2160 eapti
780 2100 846 2143 sunt
865 2095 975 2162 equites

169 2163 246 2215 Vlll.
282 2163 440 2230 insequenti
455 2161 500 2213 die
512 2161 660 2229 Pompeius
672 2164 762 2214 securi
774 2165 913 2228 percussit
925 2160 974 2212 bo·

170 2233 260 2284 mines
271 2232 397 2294 LXXlV,
409 2234 454 2299 qui
466 2232 628 2283 dicebantur
639 2249 701 2284 esse
712 2233 837 2283 lautores
843 2233 974 2284 Caesaris

170 2303 314 2352 cietoriae:
331 2301 455 2368 reliquos
466 2303 493 2351 in
506 2302 638 2368 oppidum
649 2303 730 2353 iussit
742 2301 851 2365 deduci,
868 2317 904 2354 ex
914 2302 974 2370 qui-

171 2371 223 2430 bus
235 2369 396 2438 effugerunt
406 2371 480 2430 CXX
490 2376 519 2422 et
528 2371 564 2422 ad
576 2373 721 2423 Caesarem
733 2378 876 2424 venerunt.

184 2489 187 2494 .
223 2440 312 2491 XXll.
330 2441 393 2490 Hoc
405 2442 555 2506 praeterito
567 2448 701 2508 tempore,
712 2443 758 2510 qui
770 2441 975 2508 inoppidoAte-

170 2522 227 2572 gua
241 2509 468 2560 Bursauonenses
483 2512 555 2575 capti
571 2517 651 2573 sunt,
681 2510 768 2577 legati
779 2513 897 2578 proiecti
908 2518 976 2562 sunt

171 2587 233 2624 curn
245 2577 358 2638 nostris,
370 2579 411 2626 uti
423 2593 482 2628 reru
494 2584 602 2644 gestam
614 2579 874 2635 Bursauonensibus
886 2581 973 2632 reler-

171 2648 243 2699 rent,
255 2643 321 2709 quid
332 2653 479 2708 sperarent
489 2647 522 2696 de
535 2647 582 2696 Cn.
594 2648 735 2712 Pompeio,
752 2665 834 2715 quum
846 2651 976 2701 riderent

170 2705 293 2772 hospites
302 2712 432 2777 iugulari,
441 2719 589 2780 praeterea
597 2717 688 2768 multa
697 2718 805 2770 scelera
813 2720 892 2771 abiis
901 2719 973 2781 lieri,
