2168 3134
78 211 81 218 “
160 199 214 255 254
376 194 431 254 DE
450 197 593 255 Btilsbss
614 196 749 252 ClVlLl

143 333 149 347 ι
161 304 222 357 fere
234 300 326 356 medio
336 300 562 369 spatietumulus
573 304 635 355 erat
645 301 741 370 paullo
753 302 869 356 edition
883 317 969 372 quem

159 376 185 430 sl
203 378 368 439 occupasset
384 371 488 432 Caesar
504 377 534 423 et
544 374 757 437 communisset,
778 375 812 425 ab
824 373 928 441 oppido
940 380 972 424 et

159 449 245 512 ponte
255 448 285 494 et
294 448 449 494 commeatu
462 444 552 503 omni,
567 459 649 512 quem
660 444 689 496 in
701 443 831 510 oppidum
843 442 972 494 contule·

160 518 234 575 rant,
246 527 277 564 se
288 512 504 564 interclusurum
517 511 693 581 adversarios
704 512 870 565 confidebat
906 512 972 564 lloc

162 598 292 650 sperans,
312 582 438 650 legiones
452 588 512 633 tres
528 597 563 634 ex
574 585 673 634 cestris
685 581 793 646 educit,
813 585 930 651 acieque
941 583 973 632 in

162 652 232 704 locis
246 649 355 704 idoneis
369 650 517 714 instructa,
536 653 619 704 unius
634 651 752 720 legionis
769 654 972 720 antesignanos

160 736 332 789 procurrere
361 727 446 789 atque
469 735 605 788 occupare
630 737 693 774 eum
718 722 856 774 tumulum
881 722 971 773 iubet.

162 793 226 856 Qua
234 807 265 844 re
276 792 398 858 cognite,
406 791 544 854 celeriter,
554 805 626 858 quae
636 793 664 842 in
675 795 797 844 statione
808 807 860 858 pro
871 791 973 842 castris

164 867 246 914 erant
256 859 364 912 Afranii
379 858 526 924 cohortes,
539 861 667 914 breviore
678 863 780 914 itinere
792 860 972 914 adeumdem

164 931 355 998 occupandum
366 931 460 982 locum
471 931 632 982 mittuntur.
669 932 854 983 contenditur
863 931 972 998 proelio

136 1049 137 1054 ,
166 1006 209 1063 ct,
229 999 304 1068 quod
318 1001 395 1066 prius
404 1001 433 1050 in
444 1000 584 1052 tumulum
593 999 738 1052 Afraniani
750 1008 901 1064 venerant,
921 1015 972 1052 no-

164 1073 216 1122 stri
226 1068 579 1138 repelluntur,atque,aliis
590 1072 733 1123 submissis
745 1071 885 1134 subsidiis,
891 1077 973 1138 terga

165 1146 289 1200 vertere,
299 1147 387 1206 seque
396 1138 431 1191 nd
443 1141 525 1208 signa
535 1141 675 1208 legionum
685 1143 811 1208 recipere
822 1147 971 1208 coguntur.

180 1233 182 1238 ·
217 1209 319 1263 xciv,
355 1208 451 1266 Genus
464 1215 526 1263 erat
536 1225 647 1278 pugnae
659 1211 778 1263 militum
790 1211 918 1274 illorum,
938 1216 972 1262 ut

164 1295 267 1348 magno
282 1282 389 1346 impetu
404 1281 493 1348 primo
503 1286 714 1347 procurrerent,
733 1281 868 1332 audacter
876 1281 972 1342 locum

167 1355 314 1418 caperent,
335 1349 447 1402 ordines
468 1364 534 1402 suos
554 1365 610 1402 non
631 1365 799 1420 magnopere
815 1356 973 1413 servarent,

165 1423 222 1472 rari
236 1418 409 1487 dispersique
421 1425 592 1488 pugnarent:
612 1422 636 1471 si
647 1426 856 1488 premerentur,
871 1419 971 1496 pedem

163 1489 376 1543 referreetloco
389 1491 525 1542 excedere
537 1506 593 1541 non
604 1495 687 1558 turpe
699 1491 902 1553 existimarent,
908 1505 971 1542 cum

163 1556 307 1613 Lusitanis
325 1560 495 1629 reliquisque
514 1561 641 1613 herberie
661 1557 766 1629 genere
787 1560 907 1628 quodam
923 1574 972 1626 pu·¹

164 1645 236 1698 gnae
256 1628 425 1681 adsuefacti:
453 1629 529 1697 quod
548 1629 608 1682 fere
627 1633 672 1694 nt,
694 1631 794 1698 quibus
814 1630 971 1698 quisquein

77 1732 78 1735 =
162 1701 233 1751 loeis
244 1699 324 1751 miles
334 1698 514 1762 inveteravit,
533 1701 576 1750 uti
587 1701 705 1752 multum
717 1715 812 1751 earum
824 1702 971 1766 regionum

165 1769 367 1820 consuetudine
381 1775 534 1821 moveatur.
571 1770 650 1822 llaec
665 1775 758 1821 tamen
774 1771 848 1824 ratio
859 1774 971 1820 nostros

163 1838 353 1906 perturbavit,
364 1838 490 1890 insuetos
501 1837 581 1890 buius
592 1841 702 1907 generis
713 1854 836 1908 pugnaret
855 1841 972 1890 eircum-

163 1908 200 1958 iri
219 1909 294 1960 enim
314 1921 377 1958 sese
393 1909 427 1959 ab
439 1913 539 1974 aperto
549 1908 654 1971 latere,
674 1909 905 1976 procurrentibus
916 1909 979 1964 sin,

163 1976 249 2046 gulis,
256 1976 478 2042 arbitrabantur3
488 1979 541 2046 ipsi
548 1985 642 2030 nutem
649 1993 715 2030 suos
726 1978 839 2031 ordines
850 1983 971 2042 servare,

164 2062 256 2116 neque
267 2048 307 2099 ab
322 2047 409 2116 signis
424 2047 584 2112 discedere,
604 2063 693 2117 neque
707 2051 767 2100 sine
782 2050 860 2116 gravi
873 2061 971 2100 caussa

166 2133 230 2170 eum
239 2117 341 2181 locum,
352 2131 434 2186 quem
445 2124 588 2186 ceperant,
600 2113 703 2172 dimitti
715 2120 882 2170 censuerant
893 2132 972 2186 opor·
985 2147 990 2174 ,ι

164 2193 237 2241 tere.
272 2190 383 2257 nsque,
398 2189 573 2256 perturbatis
585 2189 788 2258 antesignanis,
799 2189 888 2256 legio,
899 2201 970 2256 quae

166 2261 195 2310 in
211 2273 245 2310 eo
262 2272 349 2310 cornu
365 2260 543 2321 constiterat,
563 2260 654 2312 locum
668 2274 725 2312 non
739 2260 832 2310 tenuit
847 2265 931 2328 atque
942 2257 971 2308 in

166 2331 324 2397 proximum
335 2329 436 2382 collem
446 2343 508 2382 sese
519 2332 636 2396 recepit.
971 2385 976 2396 ‚

180 2435 184 2450 .
219 2397 302 2452 XLV.
339 2399 458 2464 Caesar,
468 2415 558 2468 paene
569 2401 644 2451 omni
655 2400 716 2451 scie
727 2398 888 2467 perterrita,
894 2395 969 2466 quod

166 2474 281 2536 prester
291 2469 452 2536 opinionem
464 2471 748 2538 consuetudinemque
760 2467 915 2530 acciderat,
927 2481 972 2519 co-

165 2537 294 2590 hortatus
308 2553 386 2601 suos,
407 2539 547 2607 legionem
562 2555 663 2591 nonam
678 2539 802 2591 subsidio
813 2537 900 2589 ducit:
923 2534 971 2588 lro·

164 2615 249 2671 stem,
264 2608 420 2660 insolenter
433 2614 518 2678 atque
533 2610 637 2661 acriter
646 2615 758 2661 nostros
767 2611 970 2678 insequentem,

163 2679 320 2744 supprimit,
325 2683 683 2746 rursusquetergerertere
694 2693 779 2746 seque
790 2677 825 2728 ad
836 2676 968 2744 oppidum

163 2744 280 2800 ilerdam
302 2749 429 2817 recipere
438 2753 467 2802 et
477 2749 528 2802 sub
538 2763 619 2802 muro
630 2749 783 2802 concutere
793 2749 877 2815 cogit.
913 2743 969 2799 Sed
