2150 3124
384 191 532 246 LlBER
567 195 606 248 11.
859 201 894 250 i'i

89 314 139 364 que
154 295 278 349 amicitia
292 295 415 348 deitatis
429 295 645 417 Aeduaesuieeee
662 297 791 366 impuleoe
802 298 900 351 ubeuie

89 363 271 435 principilia,
286 365 333 432 qui
343 365 475 428 dicerent,
487 367 525 417 Ae
545 383 605 430 uor,
620 383 637 418 a
650 365 768 419 Caesare
778 368 806 420 iu
817 367 900 420 terei·

89 446 177 487 tutem
199 436 335 497 redactae,
365 451 454 487 ornnes
471 436 652 505 indignitates
671 437 900 506 conturrreliaeque

87 504 226 576 perferre,
234 513 261 555 et
275 504 309 556 ab
319 502 419 556 Aeduie
430 505 559 577 desecieee
569 507 701 572 etpopulo
712 503 834 558 llomano
846 507 899 558 lel-

88 577 145 626 lum
164 571 297 625 iuttclieee.
335 571 390 637 Qui
409 573 489 626 lnior
504 574 610 628 coneilii
622 574 897 654 principeesuienent,

89 643 161 710 qnod
174 643 378 712 intellegerent,
397 653 528 708 quantum
543 643 729 694 calamitatem
739 644 847 696 ciuitati
856 644 897 698 iu·

89 713 228 774 tulieeent,
247 711 277 764 in
287 710 464 764 Britanniam
475 711 641 783 profugieee.
677 711 776 764 Petere
790 731 843 766 non
856 729 897 766 eu·

89 783 145 834 lune
157 778 322 844 Bellooac'ue,
343 782 390 832 eod
402 781 484 833 etiam
492 798 544 850 pro
554 781 596 832 liic
607 780 726 844 Aeduae,
745 790 778 832 ut
787 799 836 834 cue
847 785 898 834 cle-

89 850 229 904 rnentiaae
239 850 442 902 mansuetudine
452 849 481 902 in
490 867 534 904 coe
544 860 648 904 utatur.
669 849 748 915 Quod
755 851 897 923 eifcccrit,¹

89 919 244 972 Aeduorum
254 919 448 971 auctoritatem
458 920 531 986 apud
539 935 627 973 omnee
636 919 738 990 Belgae
749 920 897 992 antulificae

89 997 198 1040 turum:
218 1003 331 1054 quorum
341 987 454 1040 auriliie
463 997 545 1056 atque
554 989 661 1058 opiter,
681 989 769 1058 eique
780 991 847 1042 bellu
857 991 897 1042 iu·

89 1057 220 1121 uiderint,
230 1065 384 1110 eueteutare
394 1059 557 1112 consuerint.

143 1127 204 1180 XV.
241 1129 343 1180 Caesar
362 1126 620 1190 honorisVDiritiaci
640 1134 724 1197 atque
738 1129 896 1181 Aeduorum

91 1211 190 1248 caussa
204 1211 265 1249 eece
280 1211 328 1248 eos
342 1197 372 1248 in
386 1198 468 1249 iidem
483 1205 659 1264 recepturum
674 1205 704 1250 et
720 1205 897 1250 conserentu-

90 1281 152 1318 rum
168 1265 251 1318 dixit:
271 1267 319 1318 red
336 1266 409 1334 qnod
426 1268 591 1319 eretcivitee
601 1270 785 1335 magnointer
795 1268 897 1334 Belgae

90 1337 259 1388 auctoritate
278 1341 363 1404 atque
378 1334 519 1388 boninum
537 1337 713 1388 multitudine
729 1337 898 1404 praestabat,

91 1404 141 1456 Dc
148 1405 257 1456 obsides
264 1405 395 1471 poposcit.
406 1405 898 1472 Hietreditie,omnibusquearmieex

91 1473 195 1540 oppido
210 1474 331 1536 collatis,
350 1475 385 1525 ab
396 1491 429 1526 eu
439 1475 502 1527 loco
513 1477 541 1526 in
551 1477 619 1526 fines
630 1475 826 1525 Ambianorum
838 1489 899 1540 per-

90 1545 183 1606 venit,
205 1545 252 1612 qui
270 1560 300 1596 re
321 1559 424 1612 suaque
444 1546 537 1596 omnin
554 1546 614 1596 sine
629 1557 709 1594 mora
723 1543 898 1602 dediderunt.

90 1614 195 1664 Eorum
210 1615 279 1666 tinec
293 1613 388 1666 Nervii
403 1615 590 1682 attingebant:
618 1627 734 1682 quorum
751 1612 899 1665 denatura

90 1683 267 1750 moribusque
277 1685 380 1735 Caesar
398 1698 481 1751 quum
494 1689 656 1751 quaereret,
676 1684 717 1734 cie
727 1683 898 1749 reperiebam

89 1750 201 1806 Nullum
219 1752 325 1804 uelitum
344 1767 399 1803 eree
417 1752 454 1803 ael
471 1768 515 1804 eor
528 1751 740 1804 mereatorilue:
759 1750 900 1818 nibilpati

89 1821 147 1873 riui
156 1820 375 1887 reliquarumque
385 1837 489 1884 rerum,
500 1822 536 1873 ud
544 1821 683 1875 luxurium
693 1821 899 1888 pertinentium,

89 1889 204 1974 inferri,
224 1891 294 1958 quael
301 1889 335 1942 iia
346 1889 424 1942 reliue
433 1892 635 1959 relangueecere
645 1890 747 1944 animoa
757 1901 785 1943 ct
795 1888 900 1943 remitti

90 1967 220 2012 uirtutem
230 1958 434 2012 exierimaecate
453 1975 509 2012 cere
519 1959 720 2032 bomineeferoe
730 1975 899 2030 magnaeque

90 2027 219 2081 uirtutie:
246 2027 413 2097 increpitare
431 2037 514 2094 atquc
523 2027 649 2083 incurate
657 2031 776 2098 reliquae
786 2029 898 2098 Belgae,

91 2098 171 2166 quite
177 2097 406 2165 populollomana
417 2097 578 2152 dedidireertt
584 2099 759 2168 patriamqne
768 2099 903 2150 uirtutem

88 2167 277 2236 proieeireentt
292 2184 341 2220 eon
362 2176 466 2230 rmore,
485 2184 541 2220 rete
555 2170 746 2238 nequelegetoe
761 2167 898 2228 mieruroe,

89 2253 173 2304 neone
184 2238 268 2288 ullam
278 2253 327 2290 eon
346 2235 458 2290 itionem
465 2237 543 2303 parit
554 2245 722 2305 accepturoe.

141 2306 218 2360 xvi.
254 2308 345 2369 Quum
363 2319 523 2372 percorum
539 2309 608 2363 tinen
624 2307 744 2359 triduum
754 2303 898 2356 iterfecie-

89 2381 147 2440 eet,
168 2377 326 2428 inveniebat
340 2390 375 2427 ex
385 2375 514 2442 captivis,
534 2375 628 2428 Sabim
639 2375 741 2428 flumen
752 2375 787 2426 ab
798 2375 897 2426 cestrie

90 2448 148 2498 cuis
159 2460 214 2496 non
225 2445 344 2511 amplius
356 2446 433 2496 milia
444 2459 573 2510 passuum
585 2446 680 2498 decem
691 2445 804 2496 abersee·
817 2449 897 2494 trane

89 2517 117 2568 iel
134 2515 237 2567 ilumen
249 2517 337 2566 omnir
347 2513 464 2567 Nervius
475 2514 633 2567 consedisse
644 2515 847 2580 adventumque
858 2513 897 2563 ibi

89 2587 277 2638 Romanorum
292 2590 454 2650 exspectare
468 2598 525 2636 une
540 2599 602 2636 cum
615 2583 792 2636 Atrebatibus
806 2588 835 2634 et
845 2582 898 2635 Ve-

89 2655 266 2716 romanduis,
286 2655 410 2706 finitimis
420 2654 490 2704 ruis:
510 2656 585 2715 (nam
597 2653 639 2706 liis
650 2653 775 2720 utrisque
786 2667 898 2718 persuu-

90 2730 200 2786 eerant,
220 2724 261 2774 uti
272 2723 397 2777 eamdem
408 2722 476 2776 belli
486 2721 625 2776 fortunam
636 2725 840 2791 experirentur)
852 2735 897 2774 ex-
