2180 3140
228 285 231 292 ,
397 223 547 283 brena
584 224 641 282 lll
869 226 921 281 tlt

163 327 212 384 xl.
231 327 386 395 Vibullius,
411 325 777 398 bisexpositisacaesars,
804 334 921 386 uonml·

100 415 164 452 *nus
175 401 363 458 necessarium
375 415 438 454 esse
450 401 633 465 existimarit,
662 399 698 452 de
712 403 860 470 repentino
871 401 919 454 ad·

14 472 53 520 θ’*
111 478 194 524 ventu
205 472 334 523 Caesaris
344 471 506 540 Pompeium
520 469 583 522 lieri
599 473 762 534 certiorem,
790 471 917 526 utindid

108 541 257 593 cornsilium
269 555 367 608 capere
378 547 488 608 posset,
512 546 663 609 antequam
674 539 709 592 de
719 542 858 595 prandetis
871 545 916 614 agi

106 611 258 678 inciperet:
280 619 364 680 atque
375 611 449 674 ideo,
469 611 632 663 continuato
643 617 673 662 et
684 614 767 663 noete
779 621 808 664 et
818 611 862 665 die
872 617 917 666 iti·

108 689 179 734 nere¹
189 690 275 748 atque
286 682 401 734 mutatis
411 681 446 732 ad
457 679 630 733 celeritatem
639 681 780 744 iumentis,
791 682 826 733 ad
837 682 916 736 Pom·

108 752 201 820 poium
218 751 378 815 contendit,
408 758 441 801 ut
454 750 554 802 adesse
569 751 716 803 Gaesarem
732 753 860 804 omnibus
870 769 915 806 eo·

110 822 163 890 piis
174 821 328 872 nunciaret.
353 820 504 887 Pompeius
515 826 578 872 erut
588 834 622 872 eo
634 825 761 888 tempore
771 823 799 872 in
811 823 918 878 Canda-

107 891 154 942 nin
174 891 231 942 iter
252 906 285 942 ue
311 905 345 943 ex
367 890 533 944 Macedonia
557 892 586 942 in
604 888 720 942 hiberna
740 891 916 959 Apolloniam

108 905 370 1029 Dyrrhaclbiumque
382 959 513 1012 babebat.
538 958 593 1012 Sed
609 975 640 1012 re
651 974 724 1012 nora
735 963 916 1028 perturbatus

106 1028 259 1082 nlaioribus
275 1031 422 1084 itineribus
436 1029 612 1099 Apolloniam
626 1036 723 1100 petere
739 1033 845 1099 coepit,
877 1049 913 1089 ne

109 1101 213 1154 Caesar
225 1115 291 1152 orae
302 1102 457 1154 maritimae
475 1099 603 1153 ciuitates
614 1107 772 1167 occuparet.
807 1107 844 1156 nt
856 1105 915 1170 ille,

108 1171 245 1236 expositis
257 1171 402 1234 militibus,
428 1169 527 1221 eodem
538 1170 707 1223 die'ssricum
718 1170 914 1240 proficiscitur.

108 1240 169 1303 Quo
182 1255 265 1308 quum
276 1243 412 1304 venisset,
439 1239 657 1308 b.‘1'mqustus,
686 1241 823 1310 quiiussu
834 1244 914 1296 Pom·

108 1311 162 1378 pcii
176 1309 278 1379 oppido
289 1315 416 1376 praeerat
427 1310 650 1377 praesidiumque
664 1309 702 1361 ibi
714 1309 913 1366 Parthinorum

106 1379 241 1442 babebat,
265 1388 382 1431 conatus
393 1379 483 1447 portis
494 1379 596 1431 clausis
607 1379 737 1448 oppidum
749 1380 913 1448 defendere3

106 1449 319 1520 quumGroecos
330 1464 440 1500 murum
450 1448 618 1501 adseendere
630 1457 713 1516 utque
723 1451 801 1502 ormo
812 1467 913 1519 cupere

105 1521 231 1584 iuberet3
260 1520 302 1571 illi
318 1525 412 1571 autem
427 1533 458 1570 se
473 1525 571 1570 eontra
587 1519 733 1590 imperium
749 1523 844 1604 populi
859 1523 912 1574 llo·

105 1591 181 1642 marri
200 1597 375 1658 puguaturus
395 1604 458 1641 esse
480 1595 632 1656 negarent3
664 1589 795 1658 oppidani
818 1600 911 1644 autem

104 1661 190 1714 etiam
201 1675 253 1712 sun
263 1666 362 1727 sponte
374 1661 524 1712 caesarem
537 1662 661 1726 recipere
672 1666 855 1725 consecutum
866 1663 913 1716 de·

104 1732 227 1798 speratis
239 1731 367 1782 omnibus
378 1729 499 1793 auxiliis,
518 1734 613 1796 portas
625 1729 736 1796 speruit
746 1736 774 1782 et
785 1745 816 1783 se
827 1739 912 1800 atque

106 1800 237 1871 oppidum
249 1801 365 1853 Caesari
375 1799 482 1853 dedidit
494 1799 697 1869 incolumisque
708 1799 743 1852 ab
755 1815 789 1854 eo
801 1817 910 1856 conser-

103 1877 248 1924 rutusest.
657 1926 660 1932 ,

158 1941 219 1994 Xll.
238 1941 360 2012 Recepto
372 1941 476 1993 Caesar
486 1940 581 2004 Orico,
593 1939 669 1991 nulla
678 1939 845 2010 interposita
855 1958 912 2009 mo·

103 2025 148 2075 ra,
174 2011 348 2078 Apolloniam
361 2010 555 2077 proficiscitur.
592 2011 660 2064 Eius
670 2011 793 2079 'adventu
803 2015 911 2082 audito,

103 2081 138 2136 Is.
150 2079 303 2143 Staberius,
318 2083 364 2148 qui
376 2081 413 2132 ibi
426 2086 563 2148 praeerat,
583 2095 681 2149 aquarn
694 2089 871 2150 comportare
882 2087 910 2139 in

106 2143 200 2202 arcem
212 2155 295 2219 utque
306 2165 367 2202 earn
379 2151 487 2202 munire
499 2149 667 2218 obsidesque
684 2151 719 2202 ub
729 2153 912 2219 Apolloniati·

104 2217 158 2271 bus
169 2220 281 2287 exigere
291 2221 392 2288 coepit.
427 2218 472 2270 llli
484 2219 673 2288 rerorloturos
684 2234 711 2270 se
726 2238 841 2290 negare,
867 2241 912 2277 ne·

105 2305 156 2362 que
163 2299 262 2356 portos
272 2288 376 2342 coresuli
388 2290 599 2359 praeclusurose
627 2305 711 2358 neque
720 2289 772 2341 slbs'
781 2290 911 2350 sordicium

105 2367 240 2412 curreturos
251 2367 364 2423 contro,
393 2367 475 2428 atque
489 2356 669 2418 oriendeltals'o
680 2361 848 2429 populusque
858 2361 912 2418 Ro·

104 2443 201 2484 siranus
210 2427 393 2482 iudicavisset.
413 2429 538 2492 Quorum
549 2430 663 2550 coquite
673 2429 827 2494 voluntate,
838 2433 909 2489 clam

105 2498 234 2572 profugit
244 2499 391 2566 Apollonia
401 2496 553 2550 Staberius.
574 2499 586 2550 l
601 2498 618 2549 li
630 2498 665 2551 od
677 2500 824 2554 Caesarem
835 2501 910 2573 legs·

103 2579 151 2621 tos
171 2571 287 2621 mittunt
307 2568 463 2640 oppidoque
483 2570 631 2637 rccipiunt
671 2569 734 2622 llos
754 2583 909 2640 sequuntur

102 2639 295 2704 Bullidenses,
324 2639 483 2714 Amantianj
495 2646 523 2691 et
534 2640 660 2710 reliquae
671 2641 807 2694 llnitimae
818 2644 917 2702 civite·¹

103 2717 161 2776 tes,
180 2717 296 2779 totoque
307 2712 407 2782 Epiros
420 2720 463 2777 ct,
485 2711 589 2779 legatis
600 2711 636 2764 ed
648 2712 796 2769 Gaesarem
807 2716 910 2783 missis,

105 2797 176 2854 quae
187 2786 348 2853 imperaret,
369 2783 493 2839 lecturos
505 2783 683 2851 pollicentur.
