2124 3154
192 195 245 248 190
472 194 719 250 DEBELLO

191 301 305 364 Ennius,
315 299 406 354 nostri
415 315 682 368 ceuneparomper.
701 299 799 366 ltaque
809 302 928 366 praeter
938 313 1005 352 con·

190 372 369 424 suetudinem
380 387 464 440 quum
474 387 492 423 a
502 371 605 424 uostris
616 369 840 420 animadversum
852 376 939 431 csset,
961 383 1006 421 ce-

191 442 273 506 dere,
304 443 484 493 centuriones
500 455 536 494 ex
552 440 664 508 legione
679 439 780 507 quinta
794 438 1005 492 dumentrans-

193 513 285 580 gressi
297 511 351 563 duo
362 513 550 564 restituerunt
560 512 662 573 eciem,
672 511 829 576 acriterque
841 510 1006 560 exiniiavir-

192 588 254 634 tute
263 581 358 650 plures
369 597 453 648 quurn
463 585 588 650 agerent,
599 595 634 632 ex
644 581 789 646 superiore
798 579 860 630 loeo
872 579 1005 630 multitu·

193 651 260 703 dine
279 651 401 703 telorum
423 653 496 704 alter
516 667 614 704 eorum
630 649 762 702 concidit.
797 649 855 711 lta,
876 664 964 716 quurn
980 650 1004 698 is

192 735 307 788 comper
318 722 454 790 proelium
467 721 560 774 facere
569 721 710 788 coepisset
721 725 759 782 ct,
780 735 865 786 quum
875 718 1003 786 undiquc

194 807 226 844 se
237 793 429 844 circumveniri
444 793 569 843 animuin
584 791 764 851 advertisset,
796 803 953 856 parumper
963 789 1005 838 in·

193 875 316 929 gressus,
331 861 432 928 pedem
443 860 569 914 offendit
605 860 698 912 Huius
710 860 883 912 concidentis
893 858 951 910 viri
961 873 1004 910 ca·

193 947 227 981 su
242 933 345 996 passim
359 931 470 996 audito,
500 947 585 999 quum
601 930 757 998 complures
774 928 1004 982 adversariorum

192 1013 356 1050 concursum
368 999 504 1064 lacerent,
526 1002 635 1070 equites
647 1001 738 1053 nostri
749 1002 920 1066 uansgressi
931 1002 1005 1050 inte·

192 1069 269 1120 riore
283 1070 346 1120 loco
362 1070 540 1122 adversarios
562 1071 598 1123 ad
612 1070 716 1124 vallum
737 1083 821 1138 agere
835 1073 1003 1135 coeperunt

192 1138 248 1201 lta,
281 1139 347 1190 dum
361 1139 488 1206 cupidius
503 1141 581 1194 iutra
594 1141 737 1208 praesidia
750 1140 865 1192 illorum
882 1139 1002 1190 student

191 1208 305 1263 caedere
314 1209 422 1272 lacere,
438 1213 567 1262 oturmis
577 1219 606 1264 ct
616 1213 826 1264 leviarmatura
836 1209 1002 1262 suutiuter·

191 1279 271 1330 clusi.
306 1280 432 1342 Quorum
443 1279 497 1331 nisi
509 1297 617 1334 sunirna
627 1283 716 1334 virtus
726 1281 836 1342 fuisset,
857 1279 912 1330 rivi
923 1279 1000 1344 capti

190 1354 300 1400 essent:
313 1364 377 1402 nam
389 1354 417 1401 et
428 1351 582 1404 munitione
593 1351 726 1418 praesidii
732 1349 1000 1416 itacoaugustaban-
1047 1411 1048 1416 ἵ

190 1425 250 1483 tur,
272 1425 305 1472 ut
318 1434 421 1488 eques,
441 1422 532 1486 spatio
547 1422 716 1484 intercluso,
736 1422 783 1472 vix
797 1436 827 1472 se
844 1418 999 1472 defendere

190 1495 296 1557 posset.
331 1490 374 1542 Ex
387 1489 432 1542 his
452 1496 573 1558 utroque
591 1504 697 1560 genere
712 1505 823 1559 pugnae
839 1489 1000 1555 complures

190 1567 257 1610 sunt
265 1559 430 1612 vulneribus
441 1559 559 1624 adfecti,
577 1561 607 1611 in
620 1562 683 1629 quis
694 1562 778 1612 etiam
791 1559 904 1611 Clodius
915 1561 1000 1628 Aqui-

191 1628 258 1680 tius=
290 1631 367 1682 inter
377 1645 448 1698 quos
458 1631 499 1682 ita
509 1633 663 1684 comminus
675 1637 718 1703 est
727 1636 894 1698 pugnatum,
918 1637 955 1681 ut
965 1645 1000 1682 ex

191 1700 311 1762 nostris,
330 1705 444 1766 praeter
455 1700 524 1752 duos
535 1700 729 1764 centuriones,
746 1701 783 1752 sit
794 1715 876 1752 nenio
888 1699 1000 1754 deside·
1046 1759 1047 1784 ,

189 1773 280 1829 ratus,
299 1769 431 1836 glorisso
443 1769 601 1824 efferentes

241 1836 342 1891 XXlV.
361 1837 478 1892 Postero
490 1839 535 1890 die
545 1842 581 1893 ab
587 1838 729 1892 Soricaria
737 1847 921 1910 utrorumque
932 1857 1000 1894 ma·
1046 1811 1047 1851 ἶ

189 1921 291 1958 renerc
312 1909 417 1974 copiae.
458 1907 556 1960 Nostri
577 1909 693 1962 brachia
712 1910 814 1964 ducere
835 1919 999 1979 cooperunt.

188 1976 336 2042 Pompeius
347 1992 432 2045 quurn
443 1979 695 2044 animadverteret,
720 1982 834 2034 castello
844 1997 874 2034 se
884 1983 1000 2036 excludi

187 2047 319 2114 Aspavia,
346 2048 420 2115 quod
432 2053 476 2100 est
486 2049 520 2099 ab
531 2049 620 2101 Ucubi
630 2051 707 2102 inilia
716 2065 848 2118 passuum
860 2051 896 2116 V,
926 2051 1000 2105 haec

186 2131 235 2171 res
246 2118 404 2170 necessario
416 2118 578 2183 devocabat,
597 2125 630 2171 ut
638 2120 675 2172 ad
686 2120 872 2174 dimicandum
883 2123 999 2176 dercen-

187 2185 281 2240 deret:
295 2203 383 2256 neque
394 2194 490 2240 tannen
502 2203 591 2258 aequo
602 2190 664 2242 loco
676 2191 720 2244 sui
731 2197 900 2258 potestatem
912 2192 997 2245 facie·

188 2257 252 2319 bat,
270 2258 320 2310 sed
331 2273 366 2310 ex
376 2273 475 2326 gronio
486 2261 627 2312 excelsum
641 2262 779 2314 tumulum
790 2265 932 2330 capiebat,
951 2279 998 2314 us-

189 2341 242 2394 quc
254 2341 302 2390 eo,
314 2335 346 2380 ut
358 2332 517 2382 necessario
529 2337 680 2399 cogeretur
690 2332 817 2400 iniquum
828 2333 919 2386 locuni
930 2334 996 2384 sub·

188 2397 239 2450 ire.
276 2397 337 2460 Quo
359 2397 422 2466 [de]
442 2397 531 2464 facto,
556 2417 642 2468 quum
653 2408 835 2471 utrorumque
845 2405 942 2471 copiae
954 2412 997 2454 tu-

187 2465 294 2519 rnuluin
315 2468 497 2522 excellentem
520 2472 671 2537 petissent,
699 2471 833 2542 prohibiti
854 2489 872 2524 a
891 2475 998 2526 nostris

187 2542 267 2599 suut,
299 2534 454 2604 deiectique
470 2540 595 2605 planitie.
631 2543 711 2605 Quae
726 2544 936 2596 ressecuntlum
947 2557 997 2593 no·

188 2604 254 2654 stris
267 2603 405 2658 efficiebat
415 2608 560 2672 proelium.
586 2610 714 2679 Undique
725 2618 819 2664 autern
831 2613 998 2666 cedentibus

189 2669 364 2737 adversariis,
374 2677 465 2726 nostri
476 2691 578 2743 inagna
588 2680 618 2729 ln
630 2681 714 2732 caede
720 2682 912 2734 vomebanturt
931 2683 999 2744 Qui·

189 2737 239 2788 bus
252 2753 340 2804 mons,
349 2757 411 2794 ‘non
424 2744 523 2807 virtus,
537 2747 623 2799 saluti
634 2747 702 2800 luit:
718 2764 774 2819 quo
784 2752 909 2806 subsidio
920 2759 999 2818 tunc,
