2124 3154
306 213 644 270 HISPANIENSI.
823 215 876 268 487

77 335 162 390 quum
172 321 202 371 in
212 318 343 386 oppidum
355 321 546 382 revertissent,
568 318 614 386 qui
625 319 737 369 mittere
747 317 878 386 glandem

76 389 240 456 inscriptam
250 390 391 451 solebant,
421 389 582 454 insequenti
596 393 721 455 tempore
732 387 787 439 duo
798 388 879 439 Lusi·
936 437 942 452 ,

75 461 135 512 tani
151 457 254 512 fratres
268 461 432 526 transfugae
439 458 618 520 nunciarunt,
639 471 720 524 quam
732 457 879 523 Pompeius

77 529 238 594 concionem
259 526 413 582 habuisset:
443 527 570 593 qnoniam
584 527 680 595 oppido
694 526 811 582 sadsidic
826 543 878 579 non

72 605 164 666 posset
173 596 272 661 venire,
282 606 363 652 nocta
374 614 407 650 ex
418 597 635 650 adversariorum
644 605 787 665 conspecta
798 611 825 646 se
835 596 878 648 de·

77 667 334 728 ducerentadmare
345 683 464 722 versura:
485 683 570 718 unum
581 667 773 734 respondisse,
793 675 879 733 atpa-

77 735 133 794 ss‘as
143 735 179 787 ad
188 727 370 790 dimicandum
379 736 574 802 descenderent,
587 753 668 803 qaam
677 734 879 810 sigiramfugae

77 803 264 858 ostenderent:
282 823 354 870 eum,
375 810 421 874 qui
434 808 595 859 italcoutus
607 812 691 870 esset,
712 807 879 874 iugulatum.

77 874 185 928 Eodem
199 880 327 943 tempore
343 877 483 929 tabellarii
499 879 560 928 eius
575 875 755 942 deprehensi,
785 877 832 943 qui
844 875 881 926 ad

53 951 56 954 '
80 943 386 1011 oppidumveniebant,
405 961 524 1014 quorum
534 947 644 998 litteras
655 947 758 998 Caesar
768 945 882 1013 oppida-

79 1015 123 1066 nis
134 1015 237 1066 obiecit
247 1021 288 1078 et,
310 1017 358 1084 qui
373 1019 459 1069 vitam
470 1017 525 1071 sibi
538 1021 661 1083 peteret,
680 1018 762 1069 iussit
773 1023 883 1067 turrem

78 1085 202 1152 ligneam
212 1085 413 1153 oppidanorum
424 1086 586 1138 incendere:
603 1087 631 1137 id
641 1087 667 1136 si
677 1085 799 1149 iecisset,
814 1088 838 1137 ci
851 1099 882 1135 se

78 1155 209 1222 promisit
220 1157 313 1216 omnia
326 1170 535 1208 concessurum:
565 1155 639 1224 quod
649 1155 759 1206 difficile
770 1161 832 1206 ernt
842 1153 882 1204 ss·

79 1230 142 1288 ctu,
173 1230 206 1277 ut
223 1239 285 1276 eam
300 1231 408 1278 turrem
423 1228 483 1278 sine
498 1226 621 1293 periculo
637 1227 699 1293 quis
713 1224 883 1276 incenderet.

78 1294 122 1354 lta
131 1297 145 1322 *
154 1292 278 1354 facturus
289 1295 323 1346 de
334 1295 420 1362 ligno,
440 1311 523 1363 quum
534 1298 646 1362 propius
657 1295 830 1356 accessisset,
847 1293 882 1344 ab

79 1362 225 1432 oppidanis
237 1370 280 1424 est
291 1367 404 1420 occisus.
441 1365 547 1417 Eadem
558 1370 641 1420 nocte
652 1363 802 1430 transfuga
813 1379 882 1413 ιιιιιι-

78 1434 178 1496 cinvit,
198 1432 360 1499 Pompeium
371 1441 400 1486 et
409 1435 564 1487 Labienum
576 1434 610 1486 de
620 1434 795 1502 iugulaticne
806 1433 883 1500 oppi-

79 1503 216 1556 danorum
227 1503 386 1570 indignatos
397 1520 468 1556 esse.

132 1572 206 1624 XIX.
224 1574 328 1640 vigilis
339 1575 461 1627 secunda
470 1578 586 1641 propter
597 1571 805 1624 multitudinem
814 1571 884 1623 telo-

78 1657 141 1694 rum
152 1643 239 1696 turris
249 1643 350 1710 lignea,
362 1659 433 1712 quse
444 1650 540 1697 nostra
552 1644 659 1705 fuisset,
672 1642 705 1693 ab
716 1643 772 1699 imo
782 1643 883 1692 vitium

78 1711 156 1777 fecit,
166 1728 254 1781 usque
266 1713 301 1764 ad
311 1714 467 1772 tabulatum
479 1713 629 1767 secundum
641 1718 671 1764 et
679 1712 803 1764 tertium.
828 1712 882 1762 Ido-

79 1782 140 1834 dem
152 1789 276 1849 tempore
288 1799 338 1850 pro
351 1799 429 1836 muro
440 1788 593 1850 pugnatum
605 1783 753 1845 acerrime,
784 1787 813 1832 et
823 1786 882 1832 tur·

79 1852 132 1904 rim
142 1859 280 1917 nostram,
297 1859 329 1914 ut
345 1855 531 1920 superiorem,
552 1853 748 1914 incenderunt,
769 1851 883 1914 idcirco,

79 1922 152 1989 quod
164 1929 274 1979 ventum
291 1925 421 1991 oppidani
437 1923 588 1978 secundum
605 1922 769 1974 habuerunt.
805 1922 883 1972 luse-

78 1994 176 2058 quenti
187 1993 248 2044 luce
262 1993 473 2047 materfamilias
489 1993 523 2045 de
535 2008 614 2044 muro
624 2009 654 2044 se
665 1991 779 2051 deiecit,
810 1988 882 2041 etad

15 2065 18 2108 ἰ
78 2075 129 2112 ιιοιι
142 2064 288 2125 transiliit,
314 2063 453 2131 dixitque,
485 2079 512 2114 ss
523 2079 582 2114 cam
588 2063 697 2132 samaia
708 2058 883 2112 constitutam

78 2129 216 2194 hahuisse,
248 2141 280 2184 st
290 2148 344 2184 aaa
356 2133 562 2205 transfugerent
572 2133 609 2183 ad
622 2129 782 2188 Caesarem
806 2128 884 2179 illam

79 2216 232 2267 oppressam
243 2209 270 2252 et
279 2201 441 2269 iugulatam.
478 2203 539 2254 Hoc
548 2207 696 2268 praeterea
705 2203 831 2263 tempore
842 2202 884 2246 ts·

79 2269 171 2322 bellae
184 2271 218 2323 de
230 2285 308 2322 muro
320 2278 385 2322 sunt
396 2272 533 2332 deiectae,
544 2273 573 2320 in
585 2270 684 2338 quibus
695 2269 829 2332 scriptum
841 2271 884 2317 est

79 2341 237 2397 inventum:
266 2339 300 2392 L.
313 2339 449 2393 Minacias
461 2339 584 2391 Caesari.
622 2339 653 2390 Si
663 2337 729 2390 milri
739 2336 823 2388 sitam
833 2334 884 2386 ιη’-

80 2408 153 2472 anes,
174 2409 300 2478 qaoas'arn
311 2409 344 2460 ab
358 2409 407 2464 On.
420 2409 549 2477 Panspes'c
560 2426 618 2462 sara
629 2410 756 2470 desertas,
778 2406 885 2474 qaslens

81 2495 121 2530 me
131 2478 174 2533 s'lls'
180 2478 324 2548 praestiti,
355 2483 437 2533 talem
446 2479 548 2532 virtute
559 2487 587 2532 et
597 2477 885 2598 constantiaJsiarsm

82 2565 123 2600 me
138 2549 169 2601 s'n
185 2558 212 2602 te
226 2548 379 2618 praestabo.
415 2550 521 2605 Eodem
536 2555 663 2616 tempore
682 2549 746 2615 cppi
767 2560 885 2598 anorum

83 2618 184 2686 legati,
215 2622 506 2688 quianteaexiersnt‚
533 2620 681 2672 Caesarem
691 2618 836 2680 adierunt,
860 2613 887 2668 ss

82 2687 134 2739 ss'ds'
144 2688 229 2742 sitam
239 2691 402 2754 concederet,
412 2687 468 2742 se'se
477 2690 629 2758 insequenti
639 2689 682 2741 ds'e
692 2687 819 2757 oppidum
830 2701 886 2738 esse

83 2757 228 2814 dedituros.
252 2761 357 2828 Quibus
368 2761 521 2831 respondit,
534 2775 562 2814 se
576 2757 720 2814 Caesarem
730 2755 885 2830 sssefldeas·
