2134 3148
104 215 106 220 .
173 169 226 224 ιιι
363 171 394 220 ι..
416 169 553 221 ammi
575 167 628 220 nu
648 154 789 234 riri-cco

174 273 356 325 custodienda
368 280 513 324 curaverat
525 279 553 324 et
563 274 599 324 ob
612 273 660 324 bas
672 288 784 324 caussas
792 274 984 326 timebatsibi-

174 345 229 395 liic
247 350 360 410 propter
376 345 573 395 conscientiam
595 352 772 410 peccatorum
789 359 902 394 suorum
917 357 968 411 per

174 416 262 466 suasit
273 413 508 476 adolescentibus,
537 427 572 464 ne
583 420 774 481 repugnarent
789 427 905 481 seseque
918 412 979 465 Vir-

175 484 244 552 gilio
255 483 441 534 transderent.
477 484 574 551 ltaque
591 482 704 534 deducti
720 482 863 550 aVirgilio
874 482 909 534 ad
922 482 980 534 Sci·

172 557 295 622 pionem,
328 553 486 604 custodibus
507 552 638 604 transditi
653 559 681 604 et
696 559 759 620 post
775 553 847 604 diem
861 555 978 605 tertium

173 630 240 676 snm
261 622 411 674 interfecti.
448 623 503 684 Qui
524 638 609 690 quum
630 622 799 674 ducerentur
819 622 853 672 ad
874 638 980 696 necem,

174 695 279 760 petisse
291 685 393 744 dicitur
406 694 496 743 maior
506 694 599 744 Titius
614 708 630 742 a
642 693 864 754 centurionibus,
895 691 937 742 uti
949 709 980 746 se

173 766 307 830 priorem,
326 777 408 827 quam
420 762 550 824 fratrem,
570 762 644 812 mter
646 761 777 824 iacerent
798 762 881 829 idque
892 762 963 813 ab'
939 779 980 814 ers

174 832 257 884 facile
269 835 432 898 impetrasse
445 837 528 900 atque
538 834 579 882 ita
589 846 650 883 esse
661 833 734 882 inter
737 830 832 882 tectos.

228 933 328 985 XXlX.
347 935 592 986 'lurmaeinterim
605 939 742 1001 equitum,
761 949 833 1017 quae
845 948 894 1001 pro
906 935 981 986 vallo

175 1004 381 1056 metationibus
403 1019 464 1056 esse
485 1005 626 1068 solebant,
657 1006 690 1055 ab
712 1007 838 1071 utrisque
854 1003 983 1066 ducibus-,-

176 1073 301 1144 quotidie
314 1074 428 1123 minutis
441 1089 472 1140 pr
475 1075 554 1126 celiis
570 1077 646 1126 inter
657 1090 686 1139 se
699 1075 859 1141 depugnare
872 1089 926 1124 non
939 1074 983 1123 in·

177 1145 351 1196 ternrittunt:
383 1157 589 1210 nonnumquam
607 1147 691 1195 ctiam
708 1144 840 1196 Germani
852 1142 982 1209 Gallique

179 1213 203 1268 l
206 1215 344 1264 abieniani
359 1228 419 1262 cum
431 1215 559 1264 Caesaris
571 1215 721 1281 equitibus,
739 1213 794 1264 lide
807 1213 887 1273 data,
907 1215 983 1264 inter

180 1301 209 1334 se
222 1283 415 1352 relinquebant
418 1299 458 1332 ur.
478 1281 619 1335 labienus
632 1285 742 1334 interim
754 1284 983 1349 cumperteequi·

178 1361 254 1404 taius
270 1353 380 1422 leptim
397 1352 543 1419 oppidum,
574 1354 618 1404 cui
635 1362 763 1419 praeerat
782 1355 984 1404 Sasernarum

179 1423 339 1475 cohortibus
351 1423 454 1485 tribus,
483 1436 642 1490 oppugnare
655 1437 687 1474 ac
698 1423 724 1472 ri
735 1426 890 1488 irrumpere
902 1437 985 1472 οοιιιι-

180 1494 276 1546 batur:
296 1491 369 1560 quod
382 1495 414 1542 alr
427 1485 630 1558 defensoribus,
649 1498 761 1558 propter
771 1493 915 1560 egregiam
927 1507 986 1542 mu-

180 1566 316 1631 nitioncm
329 1563 421 1628 oppidi
434 1568 463 1613 et
474 1567 675 1614 tormentorum
693 1561 914 1624 multitudinem,
946 1559 987 1611 sa·

183 1625 234 1687 cile
255 1640 283 1682 et
299 1635 360 1682 sine
376 1631 498 1696 periculo
517 1631 729 1684 defendebatur.
765 1631 846 1692 Quod
862 1631 909 1682 ubi
926 1646 988 1684 sae·

113 1748 115 1754 ,
182 1707 245 1770 pius
257 1704 317 1752 eius
329 1704 471 1766 equitatus
481 1701 573 1752 facere
585 1717 640 1752 non
650 1702 856 1753 intermittebat
865 1706 986 1768 etquum

182 1771 257 1824 forte
268 1777 334 1824 ante
348 1777 457 1851 portam
469 1779 562 1823 turma
572 1771 659 1822 densa
670 1771 842 1833 adstitisset;
864 1772 989 1838 scorpio·

181 1857 217 1908 ne
230 1841 387 1893 accuratius
398 1841 491 1903 misso,
507 1848 592 1908 atque
604 1856 699 1893 eorum
712 1841 863 1894 decurione
874 1856 989 1908 percus·

182 1926 223 1972 so,
239 1908 314 1960 etad
327 1908 508 1960 decumanam
520 1910 621 1974 defixo,
635 1911 737 1978 reliqui
749 1913 901 1979 perterriti,
918 1910 991 1978 fuga

183 1983 213 2031 s'e
226 1981 253 2029 in
266 1984 357 2030 castra
368 1980 514 2044 recipiunt
550 1979 611 2041 Quo
624 1980 698 2032 facto
711 1988 811 2048 postea
821 1987 886 2034 sunt
897 1979 992 2032 deter

182 2051 229 2102 riti
242 2049 372 2123 oppidum
384 2055 503 2102 tentare

235 2153 323 2204 XXX.
342 2151 434 2221 Scipio
451 2156 565 2206 interim
581 2154 641 2207 fere
660 2156 785 2224 quotidie
802 2171 856 2208 non
874 2155 961 2238 longe
974 2171 993 2207 a

184 2226 242 2276 anis
253 2223 351 2274 castris
364 2226 489 2290 passibus
502 2227 585 2276 CCG'
578 2233 716 2278 instruere
729 2228 815 2278 aciem
829 2242 874 2287 ae,
901 2228 991 2276 maio·
993 2243 996 2250 ·

183 2309 215 2344 re
228 2299 306 2360 parte
317 2293 372 2345 diei
385 2303 539 2378 corisumta,
563 2311 659 2347 rursm
671 2313 700 2347 se
712 2299 738 2347 in
753 2302 844 2347 castra
855 2296 991 2360 recipere.

184 2365 266 2424 Quod
276 2379 359 2430 quum
372 2366 483 2429 saepius
494 2364 585 2429 lieret,
605 2381 696 2448 neque
707 2381 741 2416 ex
753 2367 878 2416 Caesaris
891 2365 992 2415 castris

186 2432 334 2501 quisquam
346 2434 483 2500 prodiret,
510 2451 600 2502 neque
614 2439 727 2502 propius
738 2437 798 2485 eius
810 2437 902 2501 copias
914 2445 995 2484 acce-

186 2504 279 2563 ‹leret3
291 2502 421 2586 despecta
432 2505 699 2569 patientiaCaesaris
711 2506 906 2571 exercitusque
919 2505 993 2566 cius,

186 2573 322 2622 urrirersis
334 2574 418 2636 copiis
434 2572 576 2638 productis
594 2573 805 2641 elephantisque
817 2575 928 2625 turritis
940 2575 993 2622 tri·

187 2640 263 2704 ginta
278 2646 343 2689 ante
359 2642 443 2690 aciem
462 2643 617 2703 instructis,
649 2657 730 2709 quam
748 2643 882 2693 latissime
899 2645 994 2708 potuit

188 2713 315 2769 porrecta
326 2710 447 2774 equitum
460 2711 639 2778 peditumque
651 2713 840 2776 nruititudine,
851 2727 908 2764 uno
921 2721 993 2764 tem-
