2152 3132
366 173 541 266 cinea
579 175 609 228 v.
713 205 714 208 a
856 173 914 240 roo⁴

81 278 291 340 communicat,
307 277 329 329 ai
341 277 479 339 videatur,
494 291 588 346 pugna
599 281 633 328 ut
642 277 788 338 excedant,
800 283 902 330 etcum

81 349 255 415 Ambiorige
267 363 322 400 une
333 346 544 416 colloquantur:
564 361 693 414 sperare,
714 346 749 398 ab
761 362 795 402 eo
807 346 841 400 de
851 363 903 400 cua

80 433 116 468 ac
129 418 260 468 militum
275 418 366 468 salute
381 418 533 484 impetrare
544 431 635 485 posse.
671 418 755 468 coctu
770 432 800 467 se
811 417 846 470 nd
858 433 901 471 ar·

81 485 199 538 rrratum
211 485 318 538 hostem
331 489 436 538 iturum
448 493 533 554 negat
544 491 629 552 atque
639 485 667 536 in
681 500 714 537 co
726 488 862 540 constitit.

141 557 287 608 xxxvii.
307 556 435 618 Sabinus,
454 573 524 624 quos
544 557 571 605 in
594 558 754 620 praesentia
773 557 902 624 tribunoq

81 626 213 680 militum
235 629 341 678 circum
362 641 392 678 se
415 625 535 678 habebat
552 631 581 676 et
597 626 749 690 primorum
772 626 914 680 ordinum
1000 673 1002 680 .

82 698 285 758 centuriones,
301 697 421 764 sesequi
433 696 510 748 iubet
522 700 559 757 et,
571 710 654 764 quum
667 699 781 762 propius
792 697 901 750 Ambio·

83 769 180 835 rigcm
194 763 365 828 accessisset,
386 767 478 818 iussus
490 769 568 816 arma
579 765 713 826 abiicere,
736 768 900 832 imperatum

84 835 174 899 facit,
198 837 327 903 cuisque,
346 840 378 885 ut
389 835 463 886 idem
475 833 588 898 faciant,
611 836 739 902 imperat.
775 836 901 908 interim,

86 905 157 955 dum
171 905 209 955 de
219 906 424 958 conditionibus
435 907 509 958 inter
519 921 549 956 se
562 909 649 972 agunt
660 905 825 974 longiorque
837 921 902 958 con·

86 975 166 1024 sulto
180 976 215 1025 ab
225 976 385 1042 Ambiorige
396 976 553 1030 instituitur
564 989 669 1038 sermo,
691 976 837 1042 paullatim
850 977 901 1026 cir-

88 1050 259 1096 cumventus
274 1047 449 1098 interficitur.
485 1047 557 1098 ‘l'um
572 1060 638 1096 reru
655 1061 706 1096 suo
723 1061 800 1098 more
815 1048 901 1110 ricto·

88 1118 161 1164 ciam
175 1114 353 1166 conclamant
363 1120 446 1183 atque
458 1115 597 1168 ululatum
609 1114 721 1176 tollunt,
738 1118 901 1184 impetuque
936 1115 940 1122 '

88 1186 118 1234 in
136 1191 248 1236 nostros
271 1183 359 1246 facto,
381 1185 493 1238 ordines
509 1185 683 1252 perturbant.
718 1186 760 1236 lbi
772 1185 805 1237 L.
818 1189 901 1239 Cotto

90 1269 219 1320 pugnans
230 1256 396 1306 interficitur
407 1271 468 1305 cum
481 1257 602 1306 maxima
613 1261 691 1320 parte
703 1255 836 1318 militum3
858 1271 902 1305 rc·-

91 1325 161 1392 liqui
173 1325 243 1375 ae'in
256 1330 349 1375 eastra
360 1327 514 1390 recipiunt,
535 1325 610 1376 unde
627 1329 707 1375 crant
723 1325 841 1392 egressi:
866 1338 901 1376 ex

91 1394 193 1461 quibus
205 1394 236 1446 ln.
249 1393 420 1446 Petrosidius
430 1393 576 1462 aquilifer,
595 1409 678 1461 quum
691 1409 792 1463 magna
807 1393 902 1444 multi-

93 1462 331 1515 tudiuehoetium
353 1470 536 1531 premeretur,
559 1464 682 1530 equilum
704 1466 779 1516 iutro
796 1463 901 1515 rallnm

95 1535 222 1600 proiecit,
236 1536 302 1599 ipse
320 1548 370 1601 pro
386 1536 486 1588 castris
503 1533 654 1588 fortissime
666 1547 791 1600 pugnans
802 1533 902 1585 occidi-

94 1610 148 1654 tur.
180 1603 226 1653 llli
239 1619 322 1671 aegre
334 1604 369 1654 ad
381 1610 490 1656 noctem
504 1606 736 1670 oppugnationem
749 1605 900 1654 scrutinent:
938 1661 941 1666 Α

94 1678 178 1724 noctu
189 1673 225 1724 ad
236 1689 319 1724 unum
332 1688 440 1738 omnen,
463 1673 613 1740 desperata
628 1673 732 1734 salute,
754 1673 849 1740 seipsi
861 1674 901 1722 iu-

93 1744 241 1793 terliciunt.
278 1743 363 1794 Pauci
376 1759 409 1796 ex
426 1744 534 1812 proelio
546 1745 646 1810 elapsi,
669 1745 782 1794 incertis
793 1745 900 1796 itineri-

95 1813 145 1863 bus
160 1828 209 1878 per
225 1813 308 1864 silvas
323 1814 358 1864 ad
376 1816 408 1864 Τ.
424 1814 580 1866 Labienum
597 1813 719 1882 legatum
736 1815 765 1864 in
784 1813 901 1866 hiberna

96 1884 257 1948 perveniunt
272 1889 356 1951 atque
372 1899 435 1937 eum
451 1883 487 1935 de
503 1884 586 1936 rebus
603 1887 688 1952 gentis
700 1887 846 1936 certiorem
860 1883 900 1934 fa·

96 1966 178 2004 crunt.
386 1971 394 1978 “

146 2020 305 2074 xxxviii„
318 2021 380 2082 llac
397 2025 512 2074 notoria
528 2023 655 2075 sublatus
671 2025 825 2088 Ambiorix,
845 2031 900 2075 eta·

97 2094 145 2142 tim
158 2107 216 2142 cum
230 2094 355 2159 equitatu
367 2095 395 2143 in
406 2094 574 2156 Aduatucos,
591 2097 637 2161 qui
650 2100 730 2145 erant
740 2097 800 2146 eius
811 2107 899 2160 regno

98 2162 213 2222 finitimi,
228 2163 426 2226 proficiscitur3
449 2179 538 2230 neque
551 2170 659 2216 noctem
673 2163 763 2231 neque
775 2164 847 2214 diem
859 2164 900 2212 in-

99 2233 224 2282 termittit
245 2232 455 2299 peditatumque
472 2249 502 2284 ue
518 2235 647 2301 subsequi
669 2235 754 2284 iubet.
791 2233 831 2282 lic
854 2231 900 2281 du·

100 2307 260 2365 monstratu,
280 2302 487 2369 Aduatucisque
504 2305 662 2364 concitatis,
684 2308 797 2369 postero
814 2301 858 2350 die
870 2303 900 2352 in

101 2370 213 2424 Nervios
229 2373 356 2437 pervenit
373 2373 568 2440 hortaturque,
590 2389 623 2424 ne
638 2371 681 2423 cni
696 2372 900 2438 inperpetuum

102 2439 229 2493 liberandi
240 2450 320 2509 atque
331 2441 476 2494 ulciscendi
486 2440 635 2505 Romanoa,
651 2457 701 2508 pro
713 2441 762 2502 tte,
779 2453 845 2508 qnae
857 2455 903 2492 nc·

103 2511 221 2579 ceperint,
244 2509 369 2574 iniuriis,
390 2511 555 2564 occationem
567 2510 720 2562 dintittont:
741 2509 899 2580 interfector

104 2597 154 2632 ecte
164 2583 265 2650 legntoe
276 2582 327 2632 dno
339 2596 515 2650 magnumque
527 2590 636 2648 partem
648 2578 782 2632 exercitus
792 2578 900 2630 interit·

104 2666 129 2702 te
144 2651 320 2711 demonstran
337 2649 406 2716 niltil
428 2667 482 2702 ecee
497 2651 614 2720 negotii,
636 2649 724 2703 nolito
746 2664 899 2732 uppretenm

107 2719 238 2785 lectionem,
260 2737 328 2788 quoe
340 2737 398 2772 cnm
412 2719 540 2772 Cicerone
552 2720 656 2785 leieneet,
667 2719 804 2789 interficm·
824 2734 852 2770 te
863 2716 900 2768 cd

584 2797 586 2802 ’
872 2801 879 2822 ⁸
