2124 3154
191 137 244 190 sse
421 133 438 166 ’-
463 137 710 188 uesano
834 95 839 100 ’
1041 99 1042 186 l

191 242 298 304 Quibus
309 239 453 306 respondit
464 241 574 302 Caesar,
593 257 620 291 se
630 238 798 292 conditiones
808 241 879 302 dure,
889 257 941 293 aaa
951 256 991 292 oe·

191 313 287 380 cipere
299 311 469 362 consuevisse.
506 312 559 374 Qui
575 327 660 378 quum
678 312 706 359 in
723 311 855 376 oppidum
866 313 993 362 revertis-

191 389 261 442 sent,
283 382 372 432 relato
386 395 529 446 responso,
550 381 672 431 clamore
683 381 803 443 sublato,
824 382 898 431 onrni
910 395 994 448 geae-

190 468 222 504 re
237 452 357 503 telorum
377 453 487 512 emisso,
509 465 634 518 pugnare
655 463 706 515 pro
723 465 804 501 muro
819 456 880 501 toto
895 465 993 516 coepe·

190 527 268 573 runt:
286 521 485 588 propterquod
504 520 563 571 fere
581 535 680 587 magna
698 534 760 585 pars
772 517 924 582 hominum,
944 521 994 587 qui

190 595 219 644 in
231 593 330 642 eastris
342 593 444 640 nostris
456 596 564 652 essent,
584 605 639 640 non
656 588 833 652 dubitarunt,
854 588 920 657 quin
933 605 993 640 eru-

191 663 317 730 ptionem
334 675 366 710 eo
383 659 428 710 die
445 666 540 713 essent
556 658 666 710 facturi.
702 660 746 710 lta
760 672 864 710 corona
879 661 994 710 circuns-

192 732 267 792 data,
289 735 441 797 pugnatum
454 736 498 780 est
507 728 676 796 aliquamdiu
687 727 940 791 vehementissime,
959 731 994 780 si·

191 801 304 868 mulque
316 800 419 850 balista
436 800 551 849 missae
567 801 669 848 nostris
683 805 791 849 turrem
808 799 921 850 deiecit:
941 814 996 865 qua

192 863 426 930 adversariorum,
439 871 485 936 qui
497 869 525 919 in
539 883 572 919 ea
583 874 660 920 turre
671 867 794 930 fuerant,
816 870 939 936 quinque
951 869 997 919 de·

192 939 258 990 iecti
268 943 334 987 aurit
346 939 509 1004 etpuer,qui
520 939 648 989 balistam
659 938 826 989 solituserat
837 939 995 990 observare.

193 1013 195 1018 '
243 1008 317 1059 XlV.
337 1008 377 1058 Eo
389 1009 542 1074 praeterito
554 1007 842 1074 tempore,Pompeius
853 1013 933 1059 trans
945 1007 996 1058 ilu-
1041 1051 1042 1060 ,

192 1093 255 1129 rnen
273 1075 382 1128 Salsum
400 1077 544 1127 castellum
563 1079 718 1128 constituit:
749 1093 839 1144 neque
856 1091 873 1127 a
890 1079 996 1128 nostris

191 1145 356 1214 prohibitus,
367 1145 495 1214 falsaque
506 1146 557 1196 illa
569 1149 698 1213 opinione
710 1148 847 1213 gloriatus
859 1154 910 1212 est,
922 1148 996 1216 quoti

192 1233 278 1285 prope
290 1218 318 1266 in
330 1217 432 1266 nostris
444 1217 569 1281 partibus
586 1218 677 1268 locum
694 1219 838 1268 tenuisset.
874 1218 946 1269 ltern
957 1221 996 1268 in-

192 1287 320 1355 sequenti
338 1285 382 1336 die
400 1286 496 1338 eadem
512 1287 715 1354 consuetudine
730 1287 795 1336 dum
812 1288 925 1355 longius
936 1303 997 1355 pro·
1041 1333 1042 1340 ,

192 1357 324 1424 sequitur,
346 1371 399 1423 quo
416 1357 478 1407 loeo
491 1359 599 1422 equites
617 1357 708 1406 nostri
724 1358 881 1407 stationem*
893 1356 996 1410 habue-
1041 1351 1042 1408 l

193 1433 267 1488 rant,
289 1426 397 1492 aliquot
409 1432 516 1478 brrmae
529 1442 591 1477 cum
603 1427 656 1477 levi
668 1432 817 1488 armatura,
836 1428 946 1493 impetu
957 1427 996 1478 ia·
1041 1409 1042 1466 l

193 1503 246 1559 cto,
258 1496 318 1547 loco
331 1503 395 1547 sunt
408 1497 535 1548 deiectae·
544 1503 573 1548 et
582 1501 698 1563 propter
708 1499 874 1562 paucitatem
887 1504 997 1549 nostro·
1041 1472 1042 1538 l

191 1581 254 1619 rum
266 1567 391 1635 equitum
402 1567 484 1616 simul
500 1581 562 1617 cum
578 1566 633 1617 levi
647 1572 792 1617 armatura
803 1569 877 1616 inter
890 1571 998 1618 turmas

192 1636 414 1690 adversariorum
436 1638 583 1702 protritae.
618 1635 681 1686 Hoc
696 1637 725 1684 in
746 1643 897 1702 conspectu
918 1643 999 1688 utra·

191 1720 309 1771 rumque
321 1710 475 1755 castrorum
486 1706 649 1774 gerebatur:
669 1711 697 1756 et
713 1708 818 1758 maiore
831 1705 1002 1772 Pompeiani
1041 1743 1042 1746 ,

192 1774 370 1825 exsultabant
380 1774 481 1840 gioria,
493 1775 601 1843 longius
612 1775 694 1842 quod,
705 1777 811 1826 nostris
823 1775 1002 1840 cedentibus,

191 1843 325 1910 prosequi
345 1845 511 1908 coepissent.
548 1846 601 1907 Qui
623 1860 706 1911 quum
724 1845 818 1912 aliquo
834 1845 897 1913 loeo
914 1860 933 1896 a
950 1863 1002 1896 no-

192 1915 257 1964 stris
270 1913 374 1978 recepti
386 1918 489 1973 essent,
500 1919 531 1963 ut
542 1921 733 1979 consuessent,
749 1931 784 1966 ex
795 1915 880 1966 simili
890 1917 1002 1968 virtute

192 1983 319 2058 elamore⁴
328 1981 412 2044 facto,
425 1986 542 2034 aversati
555 1989 620 2034 sunt
629 1985 765 2052 proelium
779 1985 881 2036 faeere.

245 2053 306 2106 XV.
325 2051 397 2102 Fere
408 2053 481 2118 apud
494 2055 634 2105 exercitus
646 2053 1005 2122 baeeestequestrisproe-

190 2125 222 2176 lii
233 2120 417 2176 consuetudo:
434 2138 519 2190 quum
531 2139 614 2190 eques
627 2124 662 2175 ad
674 2125 868 2188 dimicandum,
881 2124 1006 2176 dimisso

193 2210 273 2263 equo,
286 2207 347 2244 cum
357 2189 450 2258 pedite
459 2193 650 2261 congreditur,
666 2209 840 2261 nequaquam
851 2209 904 2260 par
914 2193 1006 2247 babe-

193 2271 247 2315 tur.
283 2263 314 2314 ld
327 2261 401 2331 quod
415 2263 444 2312 in
460 2261 512 2313 hoe
529 2264 630 2313 accidit
644 2264 805 2315 certamine.
842 2266 937 2328 Quum
956 2281 1007 2331 pe-

193 2334 272 2394 dites,
294 2347 329 2384 ex
340 2333 395 2384 levi
407 2340 550 2384 armatura
562 2333 636 2394 leeti,
655 2334 690 2386 acl
702 2349 834 2402 pugnam,
853 2335 1006 2401 equitibus

193 2404 297 2454 nostris
308 2417 360 2454 nee
372 2402 562 2465 opinantibus,
580 2405 734 2467 venissent,
754 2403 836 2470 idque
849 2405 876 2453 in
888 2405 1007 2470 proelio

193 2471 417 2522 aninradrersum
429 2477 517 2534 esset,
540 2473 696 2538 complures
708 2489 742 2525 ex
754 2475 833 2540 equis
846 2473 1009 2524 descende-

192 2545 267 2590 runt.
301 2540 345 2589 lta
365 2540 465 2604 exiguo
487 2546 611 2604 tempore
632 2557 716 2608 eques
738 2543 882 2608 pedestre,
912 2544 1010 2608 pedes

194 2611 323 2672 equestre
336 2605 471 2670 proelium
490 2608 584 2658 facere
600 2613 702 2676 coepit,
722 2625 810 2678 usque
822 2626 871 2664 eo.
893 2618 926 2662 ut
939 2627 1010 2664 cae·

193 2673 260 2723 clear
267 2676 421 2739 proximas
430 2676 504 2728 vallo
517 2675 642 2728 iecerint.
671 2680 703 2732 ln
715 2693 770 2749 que
782 2667 890 2749 praelio
902 2681 1000 2735 adver
