2152 3132
386 185 536 242 LIBER
566 189 600 244 V.
692 203 697 214 ¹
854 187 891 244 03

111 289 154 344 od
172 291 231 342 iam
245 289 275 342 ln
292 291 410 342 coneilio
426 292 584 345 Aeduorum
600 293 756 346 Dumnorix
771 293 890 357 dixerat,

97 361 106 376 ‘
129 364 172 413 ’a
187 359 303 413 Caesare
312 377 425 429 regnum
434 362 556 414 civitatis
566 363 683 435 deferri.-
700 363 774 431 quod
785 363 889 414 dictum

72 433 171 485 Aedui
183 433 307 498 graviter
318 431 461 493 ferebant,
477 447 566 500 neque
577 432 723 484 recusandi
735 439 783 483 aut
794 431 890 498 depre-

73 501 165 554 candi
183 513 282 551 caussa
296 501 404 567 legatos
414 502 449 552 ad
461 503 606 554 Caesarem
618 504 729 554 mittere
740 501 888 553 audebant.

71 571 232 624 ldfactum
242 583 278 620 ex
288 573 345 620 suis
355 569 508 636 hospitibus
520 573 624 622 Cacsar
633 577 809 638 cognoverat
837 571 890 622 Illo

73 641 213 692 omuibus
224 641 314 705 primo
325 642 452 706 precibus
462 647 557 708 petere
568 641 726 702 contendit,
745 642 813 690 utin
826 639 890 691 Gal·

72 709 116 762 lia
132 710 359 776 relinquentem
382 712 494 775 partim,
512 711 585 778 quod
601 712 726 762 insuetus
743 709 892 776 navigandi

75 795 161 830 mare
173 781 297 830 timeret:
313 781 422 844 partim,
437 779 511 846 quod
524 779 703 847 religionibus
714 794 776 831 seso
787 779 893 830 diceret

75 848 223 916 impediri.
258 847 442 916 Posteaquam
453 849 481 900 id
492 850 632 901 obstinate
643 851 695 901 sibi
706 850 803 916 negari
814 847 902 909 vidit,

78 920 160 970 omni
175 933 226 985 spe
240 918 408 983 impetrandi
424 919 548 983 ademta,
568 919 706 987 principes
717 918 826 970 Galliae
837 916 893 970 sol-

77 989 209 1050 licitare,
227 1003 358 1038 sevocare
375 988 501 1055 singulos
513 987 675 1058 hortarique
685 991 790 1056 eoepit,
808 989 849 1039 uti
861 989 891 1040 in

80 1059 238 1111 continenti
261 1066 451 1121 remunerent3
484 1065 560 1110 metu
578 1061 726 1123 territare,
754 1074 809 1110 nou
830 1058 891 1110 sinn

81 1143 186 1180 caussa
202 1129 275 1189 lieri,
299 1131 331 1176 ut
346 1126 441 1178 Gallia
456 1130 531 1180 omni
547 1129 692 1181 nobilitate
707 1127 891 1195 spoliaretur:

69 1198 111 1249 ,id
127 1211 191 1248 esse
208 1196 353 1247 eonsilium
371 1197 510 1261 Caesaris,
538 1207 582 1262 ut,
611 1214 680 1267 quos
695 1199 725 1249 in
740 1203 892 1262 conspectu

83 1267 197 1319 Galliae
213 1267 371 1318 interlicere
387 1275 543 1329 vereretur,
566 1266 616 1320 hos
632 1284 727 1320 omues
743 1268 771 1318 in
781 1267 892 1319 Britan·

83 1337 161 1387 niam
175 1336 352 1387 transductus
367 1343 492 1389 necaret:
512 1339 595 1389 iidem
607 1339 722 1406 reliquis
733 1339 902 1401 interpone·

83 1421 128 1468 re,
147 1405 339 1457 iusiurandum
350 1421 478 1473 poscere,
496 1413 541 1470 ut,
559 1409 634 1475 quod
645 1422 706 1460 esse
718 1421 752 1457 ex
765 1420 815 1456 usu
827 1404 896 1456 Gal:

82 1476 141 1527 liae
152 1473 363 1538 intellexissent,
380 1477 519 1528 communi
529 1478 645 1528 consilio
657 1476 893 1528 administrarent.

84 1547 166 1596 llaec
177 1561 195 1596 a
205 1545 392 1612 compluribus
404 1546 439 1598 od
451 1549 597 1598 Caesarem
609 1545 814 1598 deferebantur.
893 1559 895 1566 ⁸

121 1614 184 1667 Vll.
203 1615 265 1677 Qua
276 1629 306 1667 re
316 1619 436 1684 cognitu,
455 1618 565 1679 Caesar,
583 1615 656 1684 quod
666 1620 775 1666 tautum
787 1613 893 1665 civitati

86 1684 201 1737 Aeduae
218 1685 360 1752 dignitatis
374 1687 525 1751 tribuerat,
548 1685 732 1738 coercendum
747 1691 831 1752 atque
847 1683 894 1736 de·

86 1753 262 1815 terrendum,
284 1756 499 1824 quibuscumque
518 1757 601 1808 rebus
615 1760 723 1823 posset,
745 1754 892 1806 Dumnori-

88 1839 152 1892 gem
162 1825 317 1888 statuebam
340 1824 413 1894 quod
426 1825 535 1894 longius
547 1829 605 1878 eius
617 1827 767 1878 ementium
778 1839 893 1893 progre-

89 1893 253 1956 dividebat,
275 1893 509 1962 prospiciendum,
532 1911 566 1948 uc
577 1897 643 1964 quid
654 1897 707 1946 sibi
718 1911 751 1947 ae
762 1894 893 1962 reipubli-

81 1965 139 2014 ‘cae
154 1977 255 2014 nocere
271 1970 375 2030 posset.
417 1966 514 2032 ltaque
530 1965 590 2017 dies
606 1967 716 2018 circiter
730 1965 810 2018 XXV
821 1967 848 2016 in
858 1979 892 2017 eo

88 2032 151 2084 loeo
167 2040 367 2097 commoratus,
391 2035 465 2101 quod
481 2050 562 2087 eorus
578 2043 675 2088 vontus
687 2036 899 2103 navigationem·

90 2101 271 2170 impediebat,
293 2105 341 2172 qui
356 2119 484 2172 maguam
500 2111 608 2171 partem
619 2106 708 2158 omnis
719 2105 853 2170 temporis
863 2105 893 2154 in

91 2172 134 2224 bis
144 2173 212 2223 locis
223 2171 291 2224 llare
302 2175 459 2237 consuevit,
478 2173 560 2226 dabat
571 2190 697 2243 opernm,
715 2180 747 2225 ut
758 2175 786 2223 in
798 2172 892 2224 ollicio

91 2241 288 2310 Dumnorigem
304 2246 472 2305 contineret,
490 2243 576 2295 nihilo
591 2254 686 2296 tamen
697 2244 787 2295 secius
799 2243 902 2293 omnia*

94 2314 152 2364 eius
166 2313 282 2364 consilia
297 2318 490 2381 cognosceret:
522 2313 634 2366 tandem
650 2313 778 2364 idoneam
794 2317 893 2362 nactus

92 2387 296 2447 tempestatem,
320 2383 428 2444 milites
437 2390 596 2451 equitesque
608 2382 793 2434 conscendere
804 2382 833 2431 iu
845 2395 904 2431 nne

94 2451 234 2503 resiubet.
261 2453 309 2513 At,
328 2455 450 2504 omnium
462 2453 600 2518 impeditis
612 2452 719 2512 animis,
738 2450 895 2501 Dumnorix

96 2535 154 2572 eum
170 2522 307 2589 equitibus
317 2523 475 2576 Aeduorum
487 2537 504 2572 a
516 2523 627 2582 castris,
650 2521 785 2572 insciente
797 2520 895 2570 Caesa·

95 2605 135 2653 re,
151 2589 263 2662 domum
272 2591 413 2644 discedere
425 2593 524 2658 eoepit.
560 2591 622 2654 Qun
632 2605 663 2642 re
674 2591 815 2652 nunciata,
827 2590 893 2662 Cae·

96 2675 148 2722 nar,
163 2661 319 2713 intermissa
332 2660 898 2728 proiectione.atqueomnibosrehmposta

95 2731 199 2800 positis,
221 2745 349 2801 magnam
360 2737 469 2801 partem
480 2731 619 2799 equitatus
629 2731 666 2784 ad
677 2745 740 2783 eum
751 2733 897 2800 insequen-
