2150 3124
169 188 203 238 42
354 183 408 234 DE
432 184 574 235 BELLO
600 181 785 235 GALLlCO

166 293 269 350 terunt,
289 301 373 355 seque
394 287 422 337 in
442 291 546 348 castra,
567 289 598 336 ut
617 285 677 338 e'rat
696 285 969 362 imperatumprecc·
1058 299 1059 312 ³

165 364 278 478 perpppp:
314 420 450 476 Postridie
461 425 520 475 eius
531 423 780 490 dieiCaesar‚prius
790 438 870 490 quam
880 438 911 474 se
922 421 971 473 ho·

166 503 223 548 stes
244 500 401 548 exterrere
416 510 448 545 ae
463 493 530 562 fuga
540 496 707 561 reciperent,
726 493 756 546 ,in'
768 495 835 544 lines
846 492 970 544 suessio·
1058 543 1059 546 ,

166 581 245 626 num,
266 566 312 632 qul
329 564 445 629 proximi
462 565 553 614 Remis
569 570 660 626 crant,
681 565 833 614 exercitum
849 563 927 614 duxit
941 566 970 612 et

166 649 266 700 nragno
274 635 373 684 itinere
385 632 511 684 conlecto
523 633 558 684 ad
569 633 699 701 oppidum
707 632 899 684 Noviodunum
910 645 971 680 con·

166 704 265 755 tendit.
300 701 333 754 ld
352 717 386 754 ex
401 704 501 754 itinere
517 706 675 770 oppugnare
691 708 821 764 conatus,
839 701 912 769 quod
925 714 971 749 ra·

154 802 155 805 =
167 787 247 824 cuum
259 771 293 823 ab
305 771 497 824 defensoribus
508 787 567 822 esse
579 772 718 834 audiebat,
726 777 840 838 propter
849 769 972 820 latitudi-

168 839 232 894 nem
251 841 343 892 sossae
364 843 489 908 murique
504 841 693 902 altitudinem,
717 843 811 907 paucis
825 839 974 892 defenden-

167 913 255 973 tibus,
268 919 426 978 expugnare
437 925 492 960 non
502 911 601 975 potuit.
630 912 734 962 Castris
745 910 870 974 munitis,
880 910 975 960 vineas

170 995 266 1046 agere,
282 995 406 1047 quaeque
418 979 452 1029 ad
464 979 676 1046 oppugnandum
688 981 750 1029 usui
761 985 853 1042 erant,
868 993 975 1043 compa·

168 1065 233 1101 rare
245 1051 341 1114 coepit.
379 1049 493 1101 Interim
504 1050 593 1098 onmis
603 1063 637 1100 ex
648 1047 893 1115 fugaSucssionum
906 1045 976 1098 mul·

169 1117 261 1170 titudo
277 1113 304 1183 i'n
320 1118 451 1184 oppidum
468 1119 595 1183 proxima
608 1123 689 1169 nocte
701 1121 836 1170 convenit.
874 1117 975 1170 Celeri·

169 1193 214 1240 ter
227 1189 314 1238 vineis
330 1187 365 1238 ad
380 1187 510 1253 oppidum
527 1189 609 1251 actis,
630 1203 732 1256 aggere
746 1188 975 1250 iacto,turribus·

172 1273 226 1326 que
237 1258 407 1317 constitutis,
419 1257 607 1323 magnitudine
617 1272 730 1325 operum
737 1295 745 1320 ,
756 1274 827 1326 quae
837 1273 926 1325 neque
937 1259 975 1307 ri·

172 1328 270 1379 derant
280 1332 344 1378 ante
355 1327 443 1388 Galli,
458 1343 546 1395 neque
559 1328 718 1390 audierant,
732 1333 760 1380 et
770 1328 912 1380 celeritate
924 1327 977 1378 llo·
992 1351 993 1354 ¹

170 1411 315 1448 manorum
327 1399 458 1462 permoti,
469 1396 575 1465 legatos
587 1397 622 1450 ad
633 1397 779 1449 Caesarem
790 1397 824 1450 de
836 1397 978 1460 deditione

171 1469 288 1517 mittunt
297 1471 338 1530 et,
348 1468 504 1534 petentibus
515 1467 623 1533 Remis,
634 1473 666 1520 ut
675 1472 919 1529 conservarentur,
930 1467 978 1515 irn-

192 1541 292 1587 strunt.

172 1551 189 1602 P
225 1605 299 1657 Xlll.
336 1605 446 1668 Caesar,
456 1605 598 1656 obsidibus
608 1607 736 1672 acceptis,
746 1605 842 1671 primis
853 1592 980 1664 civitatis,

174 1679 257 1742 atque
268 1676 354 1740 ipsius
366 1674 471 1726 Galbae
483 1676 555 1740 regis
567 1675 674 1726 duobus
685 1675 762 1734 tiliis,
773 1675 911 1738 armisque
922 1686 979 1721 om-

173 1743 265 1792 nlb'us
275 1757 309 1793 ex
324 1743 424 1808 oppido
440 1743 564 1806 traditis,
589 1745 617 1794 in
633 1743 799 1794 deditionem
816 1741 979 1792 Suessiones

174 1811 293 1876 occepit,
324 1811 529 1878 exercitumque
558 1813 587 1862 in
613 1812 776 1863 Bellovacos
806 1810 888 1862 ducit.
924 1809 979 1872 uui

174 1892 257 1948 quum
278 1894 308 1930 se
327 1894 431 1946 suaque
452 1883 546 1931 omnia
559 1883 588 1932 in
605 1881 736 1947 oppidum
751 1881 979 1946 Bratuspantium

174 1948 455 2016 eontulissent,atque
466 1950 499 2001 ab
511 1966 544 2002 eo
555 1949 655 2018 oppido
667 1951 769 2002 Caesar
780 1965 841 2001 cum
853 1952 980 2000 exercitu

173 2019 284 2070 circiter
299 2018 376 2069 milia
391 2031 520 2084 passuum
538 2021 657 2088 quinque
673 2019 794 2081 abesset,
815 2034 910 2070 omnes
921 2035 980 2070 rna·

171 2089 247 2140 iores
262 2090 344 2151 natu,
365 2103 400 2140 ex
415 2089 515 2156 oppido
532 2091 649 2157 egressi,
668 2105 765 2140 manus
779 2087 816 2142 ad,
831 2089 979 2140 Caesarem

172 2156 288 2208 tendere
308 2163 337 2210 et
354 2173 420 2210 voce
441 2159 595 2226 significare
615 2163 779 2226 coeperunt,
799 2173 859 2209 sese
879 2158 978 2209 ineius

172 2226 255 2278 fidem
276 2241 308 2278 ae
322 2232 488 2293 potestatem
503 2230 609 2291 venire,
629 2245 717 2295 neque
732 2232 831 2279 contra
845 2227 978 2294 populum

172 2296 327 2348 Romanum
343 2297 427 2347 armis
441 2297 616 2368 contendere,
652 2297 734 2360 ltem,
753 2312 838 2365 quum
855 2296 890 2349 ad
904 2297 979 2364 oppi-

174 2365 240 2418 dum
257 2368 419 2418 accessisset
434 2371 578 2436 castraque
594 2369 771 2433 imponeret,
790 2367 871 2435 pueri
883 2367 978 2418 mulie·

76 2461 81 2476 ι
175 2449 277 2502 resque
297 2449 332 2487 ex
347 2450 426 2486 muro
441 2437 528 2502 passis
543 2437 666 2505 manibus
680 2452 730 2489 suo
745 2452 822 2490 more
838 2451 933 2504 pacem
943 2435 978 2488 ab

175 2504 309 2556 Romanis
320 2505 468 2572 petierunt.
919 2528 920 2532 ¹

227 2573 297 2626 xlv.
334 2575 388 2626 Pro
413 2575 454 2625 his
474 2575 626 2628 Divitiacus
645 2581 723 2640 (nam
744 2582 808 2644 post
829 2577 979 2629 discessum

173 2641 340 2708 Belgarum,
360 2644 479 2696 dimissis
489 2647 646 2698 Aeduorum
655 2648 755 2714 copiis,
771 2647 878 2698 adeum
890 2659 979 2696 rerer·

174 2715 260 2772 terat)
274 2710 340 2762 facit
348 2716 444 2766 verba:
463 2713 618 2768 Bellovacos
629 2715 700 2768 omni
711 2725 826 2784 tempore
837 2715 865 2768 ia
873 2713 927 2783 fide
938 2722 979 2766 ut·
