2180 3140
304 195 308 204 ·
377 171 530 252 ureae
558 203 614 252 ru.
849 195 898 253 321

93 301 335 370 praecipitaverat,
357 317 447 370 neque
459 303 608 354 Brundisio
622 319 705 354 nares
718 303 899 374 legionesque

91 374 128 422 ad
140 374 289 423 Caesarem
302 374 464 424 vomebant:
479 381 521 424 'ac
533 375 685 424 nonnullae
698 375 809 424 eius-rei
822 377 899 440 prae·

92 444 238 494 termissae
250 445 408 493 occasiones
422 443 534 494 Caesari
545 444 719 505 ridebantur,
736 443 810 508 quod
821 451 898 495 certe

92 527 177 578 saepe
189 510 326 563 flaverant
338 514 423 576 venti,
445 514 544 580 quibus
555 515 715 564 necessario
726 514 900 564 committen-
950 545 953 554 ·

94 581 159 632 dum
173 583 362 632 existimabat:
385 589 544 650 quantoque
559 585 618 632 eius
630 580 749 648 arrrplius
759 597 899 648 processe·-

92 657 138 702 rat
158 651 306 718 temporis,
336 659 415 703 tanto
433 659 515 703 crant
530 653 681 704 alacriores
697 653 731 702 ad
748 654 899 715 custodias,

94 723 141 788 qui
155 721 288 772 classibus
304 728 465 787 praeerant3
496 724 685 790 maioremque
698 721 826 773 fiduciam
838 737 900 788 pro·

93 788 208 841 bibendi
218 789 358 842 habebant
374 797 404 843 et
415 794 520 844 crebris
531 792 654 858 Pompeii
665 793 768 844 litteris
781 795 901 860 castiga·

93 860 210 922 bantur,
241 863 370 927 quoniam
393 864 484 928 primo
505 865 663 914 venientem
681 864 827 914 Caesarem
843 864 900 912 non

94 927 312 996 prohibuissent,
324 938 354 981 ut
365 933 487 998 reliquos
499 933 557 983 cius
569 935 706 984 exercitus
717 932 898 999 impedirent:

92 999 245 1067 duriusque
256 1001 380 1067 quotidie
392 1007 501 1070 tempus
513 1002 547 1053 ad
558 1003 899 1070 transportandumlenio·

53 1072 58 1079 ’
93 1070 171 1120 ribus
186 1071 275 1121 ventis
291 1074 501 1137 exspectabant.
537 1073 644 1135 Quibus
659 1074 743 1125 rebus
755 1077 899 1140 permotus

94 1141 197 1190 Caesar
208 1140 387 1192 Brundisium
403 1142 437 1193 ad
453 1158 518 1194 suos
534 1145 657 1194 severius
670 1147 794 1210 scripsit,
823 1143 900 1194 nacti

92 1209 225 1260 idoneum
240 1219 354 1261 veritum
373 1227 408 1262 ne
424 1215 598 1266 occasionem
617 1213 767 1280 navigandi
778 1213 899 1264 dimitte·

93 1286 170 1339 rent,
200 1281 256 1332 sire
270 1279 305 1330 ad
318 1280 402 1331 litora
411 1283 629 1348 Apolloniatium
647 1297 756 1333 cursum
768 1281 899 1350 dirigere,

93 1355 178 1416 atque
201 1364 235 1400 eo
257 1365 342 1400 nares
364 1351 464 1402 eiicere
481 1361 603 1418 possent.
640 1353 719 1404 llaec
734 1367 751 1402 a
765 1349 899 1402 custodiis

93 1418 226 1470 classium
237 1418 301 1470 loca
312 1421 432 1472 maxime
443 1424 588 1487 vacabant,
601 1421 900 1490 quodselongiuspor·

93 1490 167 1540 tibus
180 1491 423 1542 committere'non
435 1492 578 1544 auderent.
673 1517 677 1526 ·

146 1559 247 1610 xxvi.
266 1559 326 1622 llll,
347 1560 473 1612 adhibita
483 1562 600 1614 audacia
612 1567 640 1614 et
649 1562 763 1623 virtute,
784 1560 899 1611 admini-

93 1629 249 1680 strantibus
260 1629 430 1681 M.¹Antonio
442 1637 472 1682 et
482 1631 560 1682 Fuiio
572 1633 685 1695 Caleno,
702 1631 819 1681 multum
829 1631 899 1698 ipsis

93 1699 229 1750 militibus
246 1697 437 1763 hortantibus,
469 1717 558 1768 neque
573 1703 662 1754 ullum
680 1701 831 1768 periculum
849 1709 900 1767 pro

93 1769 184 1819 salute
196 1771 324 1822 Caesaris
337 1771 545 1835 recusantibus,
570 1774 643 1824 nacti
655 1778 795 1834 austrum,
815 1783 901 1822 narres

93 1838 206 1889 solvunt
222 1846 306 1907 atque
322 1841 412 1893 altero
430 1841 475 1892 die
485 1842 665 1908 'Apolloniam
680 1839 905 1909 Dyrrhachium·'

93 1923 147 1976 que
158 1909 417 1974 praetervehuntur.
435 1911 489 1972 Qui
501 1928 583 1978 quum
596 1918 690 1963 essent
700 1925 734 1962 ex
745 1907 908 1976 eontinenti'

93 1978 167 2038 visi,¹
191 1979 219 2028 C.
236 1980 389 2046 Coponius,
421 1982 467 2048 qui
483 1980 655 2050 Dyrrhachii
673 1981 756 2032 classi
775 1980 898 2032 Rhodiae

93 2053 230 2112 praeerat,
243 2063 326 2101 naves
337 2066 372 2101 ex
383 2055 466 2116 portu
480 2052 574 2103 educit
584 2059 621 2115 et,
635 2067 717 2120 quum
729 2053 785 2100 ium
796 2052 899 2101 nostris

94 2117 253 2168 remissiore
263 2125 347 2170 rento
359 2120 643 2188 adpropinquassent,
664 2122 738 2171 idem
749 2126 846 2170 auster
857 2121 903 2169 in·‘

94 2186 204 2238 crebuit
219 2189 378 2256 nostrisque
394 2190 534 2255 praesidio
550 2191 612 2241 fuit.
650 2191 749 2254 Neque
764 2203 831 2238 reru
848 2189 898 2239 ille

95 2255 129 2308 ob
146 2269 349 2307 cam-caussam
367 2264 469 2309 conatu
485 2259 654 2321 desistebat,
685 2259 735 2308 sed
747 2258 847 2308 ¹labore
870 2263 900 2308 ct

93 2327 304 2391 perseverantia
315 2333 463 2378 nautarum
475 2343 505 2379 se
516 2329 755 2394 rimtempestatis
766 2342 898 2394 superare

94 2407 177 2462 posse
188 2395 327 2459 sperabat,
348 2402 614 2466 praetervectosque
625 2395 829 2463 Dyrrhachium
841 2409 900 2446 ma:

93 2479 149 2532 gna
163 2465 190 2514 ri
206 2466 283 2525 venti
299 2465 490 2520 nihilosecius
506 2471 684 2537 sequebatur.
720 2465 833 2528 Nostri,
853 2467 900 2516 usi
980 2495 982 2500 ·

93 2533 224 2586 furtunae
233 2535 379 2600 beneficio,
395 2543 488 2590 tamen
500 2541 630 2606 impetum
644 2537 740 2604 classis
753 2537 899 2598 timebant,

93 2602 202 2655 si·sorte
217 2611 317 2657 veritus
339 2609 505 2662 remisisset.
543 2611 626 2662 Nacti
641 2613 766 2675 portum,
789 2608 834 2674 qui
851 2607 898 2656 aiii

93 2673 215 2743 pellatur
226 2673 435 2744 Nymphaeum,
464 2680 539 2732 ultra
550 2679 661 2732 Lissum
677 2679 752 2728 milia
767 2687 900 2744 passuum·

95 2745 162 2865 trila,
187 2759 223 2868 eg
233 2761 317 2802 nares
329 2749 557 2816 introduxerunt,
587 2752 642 2818 (qui
655 2754 754 2816 portus
764 2750 798 2799 ab
810 2747 898 2800 africo

145 2830 189 2866 ur„
224 2831 284 2869 ies.
