2152 3144
183 158 237 214 ³64
391 157 448 208 DE
468 151 612 208 Baubo
633 152 769 208 otvlct

183 263 317 331 plerique,
338 257 575 320 mturnmfuisse,
594 260 636 308 uti
649 259 833 322 auritteretur.
870 258 925 312 Sed
937 275 988 328 op·

182 333 380 403 portunissimc
391 330 500 380 nunciis
513 327 622 390 adlatis,
632 330 762 396 oppidum
771 327 989 394 fuitdel'cnsum,

185 403 352 468 Cassiusque
373 399 408 452 ad
424 398 612 466 Sulpicianam
626 398 692 449 inde
708 399 826 451 classem
843 398 988 466 proiectus

184 479 228 526 est
238 472 389 532 Vibonem,
420 467 620 535 adplicatisque
632 469 737 520 uostris
749 469 784 519 ad
795 475 898 522 terrani
910 470 988 520 navi-

182 543 249 604 bus,
280 546 392 607 propter
403 538 531 594 eumdem
542 537 671 590 timorem
681 539 742 604 pari
752 545 836 606 atque
846 544 930 590 antea
941 553 987 590 ra·

183 613 261 663 tione
273 611 340 676 egit.
367 608 524 660 Secundum
534 612 631 659 nactus
643 614 763 670 ventum,
784 609 927 664 onerarias
938 623 984 661 na-

175 677 231 734 'nes
242 681 354 732 circiter
363 678 558 747 quadraginta,
580 684 759 744 praeparatas
771 678 806 729 ad
817 679 984 742 incendium,

184 751 299 802 immisit
310 755 353 811 et,
378 748 490 800 flamma
501 746 534 797 ab
545 754 663 816 utroque
679 763 765 798 cornu
776 747 977 814 comprehensa

184 835 269 872 naves
280 824 346 869 sunt
356 818 515 868 combustae
526 819 656 885 quinque.
688 819 834 884 Quurnque
845 818 918 884 ignis
927 833 977 868 ma

184 889 329 958 gnitudine
338 887 415 938 venti
426 887 510 938 latius
520 893 654 952 serperet,
673 887 776 938 milites
781 915 794 949 ‚·
810 890 856 954 qui
867 902 901 938 ex
911 893 976 938 vete

184 960 262 1011 ribus
273 957 430 1023 legionibus
441 960 523 1007 crant
534 957 624 1008 relicti
642 957 781 1022 praesidio
789 958 924 1020 naribus,
950 971 986 1007 ex

184 1041 300 1078 numero
311 1041 472 1094 aegrorum,
502 1027 682 1092 ignominiam
698 1042 753 1078 non
765 1026 905 1089 tulerurrt;
934 1023 987 1076 sed

184 1112 236 1149 sua
246 1101 344 1163 sponte
356 1111 439 1146 nares
449 1096 671 1147 conscenderunt
682 1101 710 1147 et
720 1113 736 1146 a
745 1103 821 1152 terra
831 1095 986 1157 solverunt,

184 1169 344 1234 impetuque
357 1165 430 1216 facto
446 1167 474 1216 in
485 1165 646 1216 Cassianam
659 1166 791 1226 classem,
820 1165 988 1233 quinquere-

184 1251 244 1290 mes
256 1237 334 1298 duas,
353 1237 382 1286 in
393 1250 508 1303 quarum
519 1235 610 1286 altera
621 1243 683 1288 erat
694 1237 818 1297 Cassius,
839 1247 986 1302 ceperunt:

185 1307 235 1360 sed
246 1306 356 1359 Cassius
367 1310 499 1372 exceptus
510 1303 612 1370 scapha
622 1305 735 1373 refugit.
750 1305 904 1358 Praeterea
912 1305 986 1356 duae

185 1382 251 1428 sunt
269 1374 458 1442 deprebensae
478 1375 615 1428 triremes.
651 1375 748 1442 Neque
767 1376 854 1427 multo
869 1381 933 1441 post
949 1375 986 1428 do

184 1446 290 1514 proelio
301 1445 376 1498 facto
387 1449 415 1497 in
422 1444 570 1497 'l'lressalia
580 1447 720 1514 cognitum
733 1451 785 1508 est,
795 1452 827 1496 ut
832 1446 898 1511 ipsis
904 1445 985 1496 Pom·

185 1517 291 1585 peianis
302 1517 372 1566 tides
382 1518 475 1568 lieret:
496 1531 560 1566 nam
571 1523 636 1567 ante
648 1515 677 1566 id
688 1521 796 1584 tenipus
806 1515 871 1582 fingi
883 1531 900 1566 a
909 1515 987 1583 lega·

185 1589 222 1638 tis
232 1587 383 1653 amicisque
395 1587 521 1636 Caesaris
533 1584 748 1637 arbitrabantur.
784 1585 889 1645 Quibus
900 1586 985 1636 rebus

186 1657 313 1724 cognitis,
334 1669 368 1705 ex
378 1656 413 1706 iis
425 1656 493 1706 locis
505 1655 615 1705 Cassius
626 1671 687 1705 cum
697 1656 784 1706 classe
796 1655 934 1706 discessit.

238 1725 295 1775 Cll..
312 1723 427 1790 Caesar,
448 1724 575 1774 omnibns
587 1724 670 1775 rebus
680 1725 798 1786 relictis,
818 1739 984 1791 persequen-

185 1792 249 1845 dum
259 1791 481 1858 sibiPompeium
493 1795 669 1854 existimavit,
684 1808 869 1860 quascumque
881 1794 908 1842 in
921 1809 984 1858 par-

185 1871 228 1914 tes
240 1877 273 1913 ex
284 1860 351 1928 fuga
360 1877 389 1912 se
400 1861 558 1926 recepisset,
570 1877 605 1912 ne
616 1877 712 1913 rursus
723 1862 817 1926 copias
823 1876 985 1927 comparare

184 1932 254 1984 alias
267 1937 295 1983 et
305 1929 411 1981 bellum
422 1944 555 1980 renovare
566 1936 672 1996 posset:
703 1937 743 1992 et,
774 1936 983 1997 quantumcum-

181 1999 238 2070 'que
250 2001 358 2053 itineris
370 2000 496 2066 equitatu
508 1998 617 2051 efficere
635 2005 757 2067 poterat,
780 2001 903 2067 quotidie
920 2016 983 2068 pro·

185 2071 377 2140 gradiebatur3
408 2068 599 2137 legionemque
615 2085 699 2122 unam
711 2070 864 2122 minoribus
876 2067 981 2122 itineri·

185 2145 237 2195 bus
248 2140 381 2209 subsequi
394 2139 482 2191 iussit.
518 2141 587 2192 Erat
601 2139 719 2192 edictum
733 2139 856 2206 Pompeii
871 2143 981 2193 nomine

183 2211 340 2280 Amphipoli
352 2209 533 2278 propositum,
545 2211 586 2260 uti
598 2225 692 2261 omnes
704 2211 764 2262 eius
774 2213 932 2276 provinciae
943 2212 981 2262 iu-

185 2285 287 2344 niores,
299 2280 401 2332 Graeci
410 2281 536 2346 civesque
548 2281 674 2344 Romani,
689 2281 799 2332 iurandi
810 2296 908 2334 caussa
918 2295 980 2332 eon·

184 2354 325 2413 venirent;
356 2350 406 2401 sed
421 2355 514 2400 utrum
526 2347 694 2400 avertendae
708 2351 874 2416 suspicionis
886 2364 981 2402 caussa

184 2421 335 2488 Pompeius
346 2421 548 2486 proposuisset,
572 2425 697 2486 utquam
709 2419 863 2472 diutissime
877 2421 981 2488 longio-

183 2491 223 2542 ris
234 2489 316 2558 iugae
328 2488 476 2540 consilium
492 2487 658 2552 occultaret,
690 2503 726 2539 an
739 2491 817 2542 nouis
830 2489 981 2550 dilectibus,

183 2558 304 2610 sinemo
321 2564 474 2626 premeret,
504 2556 698 2626 Macedoniam
712 2563 809 2610 tenere
825 2564 981 2616 conaretur.

183 2628 337 2678 existimari
351 2641 404 2678 non
417 2633 536 2693 poterat.
566 2627 628 2695 lpse
640 2627 675 2680 ad
692 2642 822 2679 ancoram
836 2645 891 2682 una
902 2633 980 2682 nocte

183 2696 308 2747 constitit
319 2699 362 2758 et,
387 2698 490 2748 vocatis
502 2696 538 2748 ad
548 2712 578 2748 se
588 2695 747 2765 Amphipoli
762 2697 926 2766 hospitibus,
952 2700 981 2754 et
