2124 3154
153 157 207 210 mo
369 155 398 206 c.
420 154 527 208 suun
550 153 753 220 cassatus

157 268 191 381 eth
198 261 317 324 Caesar,
337 257 386 310 lsoc
392 261 483 327 pollen
491 259 605 327 pollinis
616 258 836 310 declinaverunt.
873 257 978 312 Prisc.

155 331 235 384 1526.

211 400 471 452 Praetereacaesar
483 398 611 460 declinat,
619 397 700 466 pulis
707 397 831 464 puberis:
842 396 974 462 quidam,

148 465 189 592 'uPt
200 470 322 531 Probus,
349 469 434 537 pubes
439 468 566 536 puberis:
598 469 722 536 quidam,
749 466 973 536 puberpuleris.

182 541 248 593 risa
258 539 302 590 lib.
312 539 338 590 6.

212 611 343 673 Quamvis
355 609 458 660 Caesar
468 623 523 659 non
534 609 686 675 incongrue
697 607 815 674 protulit
826 623 894 659 ease
903 622 972 658 ver·

156 681 193 732 bo
204 697 273 742 sum,
295 695 330 742 es,
352 688 400 731 est.
437 677 528 730 Prisc.
539 678 583 730 lit.
597 678 638 728 le.

112 768 117 778 ·
211 749 271 802 Hoe
282 751 368 800 lutum
380 755 463 815 atque
478 750 617 800 macellum
626 747 806 815 singulariter
818 749 897 798 exire
909 761 970 796 nie·

157 827 262 882 mento,
274 821 340 870 licet
351 819 510 880 Memmius,
524 818 579 869 ista
591 820 702 870 naucella
715 817 799 880 dieat,
810 821 839 867 et
850 816 970 877 Caesar,

157 892 224 942 luta.
260 887 307 940 Ex
323 889 395 942 Velio
405 887 502 957 Longo
514 889 544 939 de
556 885 769 956 orthographia.

209 959 362 1010 Laerunme
372 973 407 1006 an
419 957 579 1021 Lacrimae,
609 955 754 1012 Maxumus
769 971 803 1006 au
815 953 980 1017 Maximus,-

159 1035 187 1080 et
198 1028 221 1078 si
231 1043 300 1094 quae
312 1027 413 1077 similia
423 1035 502 1091 sunt,
518 1087 520 1094 s
535 1029 620 1079 scribi
636 1027 773 1088 debeant,
804 1026 967 1091 quaesitum

158 1104 210 1150 est.
247 1097 398 1148 Terentius
410 1095 499 1148 Varro
519 1098 635 1158 tradidit
647 1098 792 1148 Caesarem
806 1111 854 1161 per
864 1093 884 1145 1
893 1097 968 1146 eius·

156 1168 233 1220 arodi
244 1169 329 1219 verba
340 1166 454 1217 solitum
468 1183 531 1218 esse
544 1169 691 1219 enuntiare
703 1173 732 1218 et
741 1166 877 1216 scribere:
896 1165 966 1216 inde

157 1245 274 1306 propter
293 1236 488 1290 auctoritatem
511 1239 581 1302 tanti
600 1238 652 1288 viri
673 1235 903 1288 consuetudinem
925 1234 966 1284 fa-

158 1316 241 1360 ctam.
278 1306 332 1358 Sed
343 1321 396 1373 ego
408 1308 435 1355 in
448 1307 636 1374 antiquorum,
657 1314 710 1357 etc.
743 1302 920 1356 Cassiodorus
930 1321 966 1357 es

158 1378 270 1431 Αηηαευ
283 1375 443 1428 Commode
455 1373 669 1444 Ortlmgrapliu.

213 1447 295 1499 Varie
307 1447 393 1499 etiarn
406 1448 593 1512 scriptitatum
606 1451 658 1508 est,
677 1441 860 1512 Montanium,
873 1441 965 1494 Aucu-

154 1519 247 1585 pium,
271 1513 427 1568 Manubiae}
450 1517 586 1584 siquidem
600 1517 628 1566 C.
639 1517 742 1566 Caesar·
752 1530 804 1580 per
815 1514 833 1567 1
841 1513 963 1578 scripsit,

157 1594 191 1638 ut
202 1594 319 1654 apparet
331 1602 365 1638 ex
377 1587 465 1646 titulis
475 1587 570 1653 ipsius.
589 1585 636 1638 Ex
648 1583 721 1636 l'els'o
732 1585 763 1636 de
776 1581 962 1650 Ortdogrnpls.

210 1659 252 1708 An
264 1657 327 1708 ideo
339 1657 429 1707 minor
444 1663 487 1707 est
499 1657 537 1707 Μ.
546 1656 655 1706 Tullius
666 1655 780 1717 Orator,
802 1654 875 1722 quod
889 1653 962 1703 idem

158 1727 229 1776 artis
241 1725 323 1776 huius
333 1725 560 1787 (Grammaticus)
572 1725 806 1792 diligentissimus
818 1722 879 1786 fuit,
891 1730 920 1773 et
929 1723 960 1772 in

156 1794 217 1846 mio
224 1831 233 1856 ,
254 1800 287 1844 ut
297 1791 325 1844 in
337 1795 470 1860 Epistolis
481 1801 610 1861 apparet,
629 1800 704 1846 recte
716 1794 849 1862 loquendi
860 1807 960 1858 usque-

157 1878 265 1932 quaque
276 1879 356 1929 asper
373 1878 481 1930 quaque
494 1864 628 1916 exactori
656 1867 712 1916 Aut
723 1865 778 1914 vim
792 1866 820 1915 C.
830 1861 960 1914 Caesaris

156 1935 304 2054 l'regqrunt
325 1929 392 1983 editi
408 1933 443 1985 de
457 1934 594 2002 Analogia
610 1933 709 1986 liheril
743 1933 857 1997 Quintil.
872 1931 919 1985 m.
935 1931 960 1983 l.
1048 1951 1049 1982 1

156 2020 216 2074 cap.
244 2039 251 2053 .
903 2027 906 2036 ⁴

433 2071 575 2140 Apoplstlte
603 2082 679 2125 nata.

211 2148 268 2201 Sed
280 2155 372 2197 tannen
389 2142 447 2210 ipse
464 2145 568 2194 Caesar
602 2145 666 2195 abet
681 2157 796 2209 peracre
812 2142 958 2208 iudicinn1;

158 2225 196 2277 et,
208 2225 240 2269 ut
251 2215 363 2269 Servius
373 2212 464 2264 irater
474 2220 549 2276 tuus,
566 2229 647 2281 quem
659 2214 881 2264 literatissimum
893 2213 957 2263 luis·

157 2297 187 2334 se
199 2287 302 2348 iudico,
315 2283 396 2336 facile
408 2283 523 2345 diceret,
534 2282 578 2334 lic
586 2289 678 2335 sersus
688 2282 785 2336 Plauti
793 2301 845 2336 non
856 2292 905 2346 est,
915 2281 966 2333 lte

158 2363 212 2420 est,
240 2355 314 2425 quod
330 2353 411 2402 tritas
428 2368 510 2404 aures
526 2352 641 2405 liaberet
662 2353 792 2404 notandis
809 2353 956 2421 generibus

156 2432 317 2488 poetarum,
344 2427 373 2473 et
383 2423 584 2474 consuetudine
596 2424 721 2492 legendi:
749 2424 790 2473 sio
799 2424 881 2474 audio
893 2423 956 2474 Cae·

156 2509 257 2558 sarem,
275 2510 337 2544 cum
348 2491 489 2542 volumina
500 2493 555 2543 iam
568 2493 720 2546 coniecerit
731 2488 956 2558 ἀποφθεγμάτων,

155 2563 258 2627 siquid
271 2561 403 2615 afferatur
419 2560 455 2610 ad
467 2576 530 2611 eum
543 2577 593 2627 pro
606 2578 683 2624 meo,
716 2560 789 2628 quod
801 2577 892 2612 meum
905 2575 956 2609 nnn

154 2631 202 2689 sit,
223 2633 340 2681 relicere
351 2631 457 2679 solere:
481 2631 556 2695 quod
567 2647 601 2682 eo
613 2646 685 2681 nunc
696 2632 786 2697 magis
796 2630 874 2694 lacit,
896 2632 955 2695 quia

155 2698 251 2746 vivunt
260 2709 370 2750 mecum
385 2695 445 2747 fere
461 2699 587 2762 quotidie
601 2699 678 2751 illius
691 2699 857 2752 lentiliares.
893 2701 954 2751 lnu'·
