2152 3144
326 182 633 240 ³'''LIBER'111.
676 183 696 202 ”
860 181 911 238 ³4⁷

108 291 180 346 daec
190 289 338 352 addebant,
349 291 403 340 non
415 291 450 341 cx
461 304 597 343 concursu
608 289 665 341 scri
674 287 758 351 iacto,
768 297 825 340 non
835 287 918 354 pros-⁴

108 361 148 416 iio
160 361 329 421 dimicatum,
345 359 451 427 sibique
461 360 535 430 ipsos
547 358 726 410 multitudine
735 363 818 425 atquc
828 373 914 424 angu-

112 431 175 488 stiis
193 431 280 480 maius
296 428 432 480 adtulisse
448 429 659 492 detrimentum,
688 437 768 494 quam
786 424 916 480 abhores

112 501 292 566 accepissent.
328 497 391 550 Non
403 496 520 566 denique
532 511 690 550 communes
702 496 768 549 beili
779 511 860 548 casm
870 510 914 550 re·

113 569 308 631 caedebantur,
320 581 402 635 quam
413 568 546 634 parvolae
558 581 640 634 saepe
651 581 764 618 caussae
775 565 917 618 relisisse

113 638 286 705 suspicionis,
307 637 352 688 vel
361 638 479 688 terrens
490 638 638 705 repentini,
657 635 702 688 vel
714 637 839 690 obiectae
850 635 914 686 reii-

113 709 216 776 gionis,
247 721 348 774 magam
360 707 528 758 detrimenta
544 705 715 770 intulissent3
745 707 855 774 quotics
871 705 917 755 vei

114 777 196 843 culpa
206 776 293 838 ducis,
308 775 351 827 vei
362 777 466 828 tribuni
477 778 553 838 vitio,
567 779 596 828 in
607 777 733 828 exercitu
744 777 820 828 esset
830 773 915 826 offen·

110 861 189 898 *sums
209 845 267 907 sed,
283 846 398 914 proinde
411 861 444 898 ac
453 847 480 897 si
489 848 591 899 virtute
601 845 741 909 vicissent,
755 859 846 913 neque
856 844 917 897 ulia

112 916 294 982 commentatio
306 923 397 968 rerum
410 923 506 983 posset
521 915 667 980 accidere,
692 930 742 984 per
757 915 849 967 orbem
861 920 917 966 ter·

115 983 214 1038 rarum'
231 984 306 1039 fama
321 1000 354 1039 ao
369 985 471 1040 litteris
487 985 706 1040 victorianum
722 985 777 1039 diei
791 983 915 1037 concele-

115 1055 242 1108 brahant.
440 1071 459 1082 ¹·
840 1067 842 1074 ’

168 1121 294 1178 Lxxnr.
311 1126 422 1188 Caesar,
442 1121 476 1180 sis
484 1125 678 1193 superioribus
688 1125 810 1177 consiliis
820 1123 916 1192 depui-

116 1209 172 1258 sns,
183 1209 292 1246 omnem
303 1197 355 1247 sibi
367 1197 589 1248 commutandam
600 1195 667 1248 beili
679 1194 915 1246 rationemexisti'·
962 1259 964 1266 y

115 1265 210 1323 ment.
246 1261 344 1332 ltaque
361 1280 418 1316 uno
434 1272 559 1332 tempore
573 1265 720 1334 praesidiis
732 1264 859 1315 omnibus
870 1261 917 1314 de·-

116 1331 206 1386 duotis
218 1339 248 1385 ot
259 1335 464 1402 oppugnatione
475 1336 599 1398 dimissa,
625 1340 778 1406 coactoque
789 1333 820 1384 in'
829 1337 914 1382 ununi

115 1403 208 1456 locum
219 1405 344 1458 exercitu
351 1440 359 1467 ,
379 1406 539 1457 concionem
552 1404 624 1471 apud
634 1403 738 1455 milites
747 1401 843 1454 habuit
854 1399 919 1452 hor·

115 1479 309 1540 totusqueest,
330 1489 420 1536 need,
445 1490 513 1542 puae
528 1472 700 1536 accidissent,
716 1471 846 1540 ”graviter
855 1469 917 1543 ser'-

115 1550 188 1605 rent,
218 1541 423 1596 reseditredus
439 1551 618 1606 terrerentur,
644 1539 919 1610 multisque'secondis

111 1611 225 1680 proeliis
236 1627 317 1664 unum
326 1613 479 1676 adversum,
500 1621 527 1664 et
535 1611 566 1663 id
574 1611 719 1674 mediocre,
738 1619 917 1680 opponerent:

115 1681 262 1736 dedendam
266 1682 402 1753 fortunae
409 1681 543 1752 gratiam,
559 1682 630 1750 prsod
638 1681 750 1734 Italiam
760 1683 817 1750 sine
827 1679 918 1748 utiquo

115 1751 386 1820 salnerecepissent5
396 1753 477 1818 'prend
488 1752 555 1804 duas
565 1750 730 1820 Hispaniis,
752 1749 919 1804 bellicosissi-

114 1838 218 1876 morum
238 1820 374 1874 mininam
391 1821 564 1890 peritissimis
585 1831 665 1890 atque
685 1819 919 1874 exercitatissimis

114 1890 235 1954 suntin,
243 1891 416 1959 pocooissent
422 1909 433 1954 ,·
449 1891 658 1962 pieodfinitimcs
663 1891 919 1964 fiumentdrmspae

102 1961 269 2028 ,provincias
279 1961 308 2014 in
319 1971 483 2031 potestatem
498 1960 683 2032 redegissents,
708 1961 819 2032 deniqne
830 1976 919 2012 recor·
971 1989 973 1994 ·

114 2030 178 2083 dari
188 2029 295 2091 dedere,
319 2048 371 2100 quo
376 2031 517 2103 felicitate
527 2030 601 2084 inter
610 2031 712 2101 medios
722 2029 840 2083 instinct
850 2032 919 2081 cios·

115 2110 169 2162 tes,
191 2100 304 2167 oppletis
315 2117 367 2153 oon
380 2103 464 2156 solum
471 2100 610 2169 pertitus,
632 2101 770 2153 sedetiam
782 2098 917 2161 litoribus,

116 2178 205 2224 omnes
215 2168 358 2225 incolumes
368 2178 456 2224 essent
466 2170 664 2236 transportati.-
675 2170 700 2220 si
709 2187 763 2222 nors
773 2167 862 2221 omnia
872 2183 917 2219 cs·

115 2237 209 2290 derent
217 2238 341 2300 secundo,
346 2239 492 2310 serronem
502 2254 557 2290 esse
567 2239 703 2292 industria
711 2237 916 2290 'sublevandam

115 2306 186 2374 qnod
195 2315 263 2358 esset
271 2323 333 2358 acce
353 2318 409 2360 tum
422 2308 583 2370 detrimenti,
594 2309 650 2360 eius
660 2307 825 2376 iuripotiot,
836 2321 916 2374 pacm

114 2391 179 2428 suae
189 2377 285 2443 culpae
299 2325 391 2429 deiere
402 2376 502 2428 tridui:
532 2379 618 2430 locum
632 2395 660 2430 se
669 2391 783 2443 aequum
794 2374 832 2428 ad
840 2375 916 2428 sims-

114 2445 228 2500 eondum
239 2444 347 2508 dedisse,
355 2445 474 2514 potitam
479 2462 532 2498 esse
537 2445 652 2501 hostium
664 2446 771 2510 eastris,
780 2445 916 2516 expedisse

114 2530 147 2568 se
158 2530 296 2583 superasse
307 2525 476 2586 pugnantes:
496 2517 554 2578 sed,
575 2516 630 2568 sice
640 2517 759 2584 ipsorum
771 2515 917 2584 perturbo⁵
989 2528 992 2533 ·

114 2583 163 2649 tio,
179 2585 238 2638 sine
247 2601 324 2637 error
333 2585 440 2654 aliquis,
454 2585 508 2638 sire
520 2586 728 2709 etism{ortona
735 2595 849 2654 partem
859 2584 919 2643 itm.

113 2653 329 2724 praesentemque
339 2655 481 2710 victoriam
490 2655 607 2724 interpel
616 2657 725 2719 scisset,
736 2657 851 2709 dandam
863 2671 914 2707 om·

106 2725 190 2782 siim
201 2741 329 2796 operam,
352 2735 384 2782 ut
395 2734 532 2797 acceptam
543 2726 913 2784 incommoddmeirtntsser·
969 2755 973 2762 ,
1064 2785 1065 2810 ,

1063 2957 1065 2970 i

1064 2971 1065 2988 i

1063 2991 1065 3000 ,

890 2983 1065 3040 *a

848 3047 856 3059 ·
1062 3043 1065 3068 a

870 3051 1065 3098 —ka
