2150 3124
147 199 180 254 14
335 195 391 248 DE
410 195 550 256 Balabo
570 195 755 256 GALLlGO

91 305 94 312 ⁴
144 302 217 362 tanti
227 302 287 364 eius
297 300 369 366 apud
379 316 410 354 se
420 302 539 368 gratiam
551 301 755 365 catabatmon,
768 303 809 354 uti
820 308 848 358 et
858 303 947 368 reipu-

144 372 232 424 blieae
247 372 377 436 iniuriam
396 377 424 422 et
443 387 523 426 suum
539 371 665 422 dolorem
679 372 738 424 eius
758 370 894 424 voluntati
915 386 948 423 ac
1050 410 1056 423 .

143 440 420 508 precibuscondonet.
439 439 948 507 Dumnorigemadsevocat3iratrem
1050 446 1057 493 ¹.

143 509 266 570 adhibet:
277 510 379 577 quaein
387 509 619 577 comprehendat,
626 511 760 574 ostendit3
771 511 950 580 quaeipsein-

143 581 269 646 collegat,
275 595 346 646 quae
357 581 454 636 ciuitas
463 585 604 648 queratur,
616 581 757 647 propooii3
768 581 950 642 monetatis

143 649 281 716 reliquum
292 655 400 715 ternpus
411 665 507 702 onrnes
517 651 686 717 suspiciones
695 652 779 713 vitet3
799 651 951 716 praeterita

143 719 316 782 sollicitiuco
327 718 408 777 fratri
419 720 575 774 condonare
586 720 662 771 dicit.
684 719 848 786 Dumnorigi
859 725 950 770 custo·
1055 770 1059 779 ,

144 789 293 872 desponit,
313 795 360 853 ut,
380 805 451 858 quac
466 795 545 858 agat,
564 789 725 858 quibuscum
736 789 882 858 loquatur,
900 789 949 840 sci·

144 865 281 990 repffit
307 927 413 988 Eodem
428 926 473 980 die
492 924 526 980 ab
547 926 767 994 exploratoribus
786 929 890 982 certior
911 927 950 980 ia-

144 1001 219 1060 ctus,
238 995 332 1054 hostes
342 997 496 1049 submonte
510 997 667 1056 consedisse
682 997 760 1048 milia
774 1012 906 1064 passuum
915 993 949 1050 ab
1043 1010 1045 1014 '

142 1067 230 1133 ipsius
240 1067 339 1118 castris
349 1071 424 1122 octo:
441 1065 530 1132 qualis
541 1071 614 1118 esset
623 1071 724 1118 natura
734 1067 834 1118 orontis
845 1073 874 1119 et
884 1083 949 1134 qua·

143 1136 178 1198 lis
192 1137 221 1186 in
237 1136 354 1188 circuitu
372 1135 533 1198 adscensus,
557 1137 604 1203 qui
630 1143 841 1203 cognoscerent,
864 1137 948 1187 misit.

143 1206 347 1266 Renunciatum
368 1210 421 1266 est,
441 1204 553 1257 facilem
574 1220 643 1258 esse.
680 1205 722 1258 lie
747 1207 832 1258 tertia
855 1205 949 1273 vigilia

144 1277 177 1329 Τ.
201 1275 367 1337 Labienum,
392 1274 514 1342 legatum
530 1289 582 1342 pro
598 1279 742 1342 praetore,
766 1288 828 1326 cum
843 1275 949 1327 duabus

143 1343 300 1411 legionibus
312 1350 340 1396 et
349 1345 383 1394 iis
394 1344 523 1407 ducibus,
538 1345 583 1413 qui
594 1345 648 1396 iter
659 1352 858 1412 cognoverant,
877 1360 949 1396 sunr-

144 1429 221 1472 mum
231 1413 325 1481 iugum
335 1414 437 1467 orontis
448 1415 617 1468 adscendere
626 1415 717 1478 iubet3
733 1415 799 1482 quid
808 1416 852 1466 sui
863 1415 950 1468 consi·

32 1529 44 1550 ,
145 1483 176 1534 lii
187 1484 236 1545 sit,
248 1484 377 1548 ostendit.
401 1485 462 1551 lpse
473 1484 507 1536 de
518 1490 618 1552 quarta
628 1485 724 1552 vigilia
734 1485 832 1538 eudem
842 1485 950 1546 itinere,

146 1567 201 1624 quo
216 1551 310 1614 hostes
325 1555 428 1616 ierant,
453 1553 488 1606 ad
507 1569 555 1606 eos
571 1555 724 1617 contendit,
744 1555 952 1622 equitatumque

146 1638 256 1675 omnem
268 1629 333 1675 ante
344 1639 373 1676 se
385 1624 478 1675 mittit.
513 1624 544 1676 P.
563 1624 725 1686 Considius,
744 1625 790 1690 qui
801 1625 842 1674 rei
853 1623 953 1674 milita·

146 1694 186 1744 ris
196 1695 379 1758 peritissimus
389 1691 542 1747 habebatur
553 1699 582 1745 et
590 1695 619 1744 in
630 1693 753 1744 exercitu
762 1692 794 1744 L.
805 1691 914 1754 Sullae,
924 1697 952 1742 et
1009 1715 1013 1720 ·

146 1769 245 1829 postea
255 1764 283 1813 in
293 1762 332 1822 Μ.
348 1763 440 1814 Crassi
450 1761 555 1825 suerat,
570 1777 633 1817 cum
642 1761 865 1827 exploratoribus
874 1775 953 1828 prae·

146 1832 276 1882 mittitur.

172 1895 174 1900 '
198 1899 286 1952 xxii.
321 1898 414 1958 Prima
424 1898 499 1963 luce,
515 1915 598 1968 quum
609 1914 732 1952 summus
741 1915 820 1952 moos
831 1900 891 1951 eT.
902 1899 953 1951 La·

147 1970 228 2021 bieno
239 1973 396 2032 teneretur,
416 1971 475 2034 ipse
487 1969 521 2024 ab
532 1969 652 2022 bostium
664 1971 761 2021 castris
773 1984 827 2022 non
842 1969 953 2036 longius
968 2005 972 2012 ·

146 2038 213 2090 mile
228 2044 257 2091 et
267 2038 424 2106 quingentis
435 2040 560 2105 passibus
571 2038 693 2102 abesset,
717 2054 820 2106 neque,
838 2045 871 2090 ut
881 2045 953 2105 post·

148 2124 182 2162 aa
202 2123 237 2160 ex
255 2109 369 2175 captivis
390 2108 537 2174 comperit,
561 2114 610 2160 aut
629 2110 714 2173 ipsius
734 2109 887 2170 adventus,
905 2114 953 2160 aui

147 2178 278 2240 Labieni,
297 2177 424 2244 cognitus
436 2179 521 2232 essett
549 2178 694 2230 Considius
705 2193 777 2246 equo
788 2177 908 2230 adnuisse
918 2177 952 2228 ad

147 2263 212 2301 eum
227 2247 365 2310 adcurrit3
395 2247 476 2310 dicit,
495 2253 631 2310 montem,
652 2263 733 2316 quem
744 2248 895 2302 uLabieno
910 2263 953 2298 oc

148 2317 386 2385 cuparivoluerit,
404 2318 439 2370 ab
453 2315 577 2370 hostibus
596 2318 699 2382 teneri3
726 2317 755 2374 id
770 2316 953 2390 seaGallicis

147 2388 233 2440 armis
247 2394 329 2455 atque
339 2387 493 2455 insignibus
507 2388 675 2456 cognovisse.
712 2387 813 2450 Caesar
828 2402 892 2438 suas
908 2402 953 2438 co·
1057 2431 1063 2438 .

143 2458 208 2525 ,pias
227 2458 257 2507 in
273 2459 428 2524 proximum
443 2455 544 2509 collem
565 2456 705 2520 subducit,
729 2458 815 2510 aciem
831 2457 952 2510 instruit

146 2525 300 2589 Labienus,
314 2532 347 2578 ut
356 2533 418 2578 erat
428 2527 454 2580 ei
466 2532 644 2594 praeceptum
655 2541 672 2578 e
683 2527 818 2590 Caesare,
829 2542 864 2578 ne
874 2539 951 2592 proe-

146 2595 215 2647 lium
234 2599 433 2660 committeret,
463 2598 516 2649 nisi
524 2597 610 2664 ipsius
626 2597 721 2663 copiae
730 2611 817 2665 prope
831 2594 949 2648 bostium

149 2671 240 2718 castra
257 2667 332 2719 cisae
346 2673 451 2731 essent,
471 2674 503 2721 ut
517 2667 639 2735 undique
654 2682 710 2720 uno
725 2673 849 2735 tompore
862 2665 891 2715 in
904 2659 950 2712 bo-

148 2742 204 2790 stes
214 2735 432 2803 impetuslieret,
441 2745 536 2800 niente
546 2743 678 2808 occupato
688 2745 799 2794 nostros
809 2740 948 2802 exspecta·
