2152 3144
304 190 681 244 ALEXANDRINO.
848 191 900 246 :iro

96 302 141 350 est
153 295 263 348 facttum.
301 295 387 361 Capta
398 298 506 344 estana
515 291 639 346 hostium
649 295 844 361 quadriremis,
855 277 901 350 de·

88 381 194 436 *pressa
204 371 247 417 est
258 363 360 416 altera-t
379 363 479 416 deinde
496 364 566 416 duae
578 365 707 416 omnibus
720 367 840 432 epibatis
853 383 902 418 nu·

95 438 192 488 datae:
212 449 311 502 magna
326 439 474 500 praeterea
488 434 638 484 multitudo
648 435 678 484 iu
690 433 808 504 reliquis
825 439 901 488 nari·

94 507 149 558 bras
166 510 406 573 propugnatorum
419 509 462 555 est
476 503 632 556 interfecta.
668 505 748 566 Quod
768 507 823 556 nisi
844 521 902 559 nox

94 576 232 644 proelium
244 575 414 637 diremisset,
437 579 497 625 tota
509 574 598 626 classe
609 572 729 625 hostium
742 577 844 627 Caesar
856 592 903 644 po·

94 649 167 697 titus
179 651 262 696 esset.
298 645 360 696 Huc
371 644 529 695 calamitate
541 645 697 712 perterritis
708 645 840 710 hostibus,
855 647 901 697 ad-

96 731 179 768 verso
199 719 282 766 vento
303 714 406 766 leniter
426 714 520 778 flante,
539 729 624 765 nares
640 717 786 782 onerarias
797 717 902 768 Caesar

97 785 222 837 remulco
242 784 403 836 victricibus
423 784 482 835 suis
501 785 617 836 naribus
636 784 835 839 Alexandriam
855 786 901 839 de·

96 855 182 908 ducit.
853 887 855 894 ›

148 924 209 974 ΧΠ.
227 923 269 974 Eo
280 923 448 976 detrimento
459 924 530 975 adeo
540 928 607 976 suot
616 923 699 978 fracti
710 925 902 988 Alexandrini,

97 1009 182 1064 quum
198 996 251 1044 iam
268 1009 323 1046 non
337 996 441 1044 virtute
457 1001 704 1062 propugnatorum,
726 996 774 1049 sed
786 998 902 1047 selentia

97 1065 302 1116 classiariorum
315 1079 345 1114 se
356 1065 444 1114 uictos
458 1064 597 1129 riderent,
614 1065 651 1098 a*
662 1066 762 1134 quibus
778 1073 808 1116 et
823 1081 901 1132 supe·

95 1134 219 1187 rioribus
230 1133 297 1184 locis
309 1134 532 1197 sublevabantur,
554 1139 586 1185 ut
597 1150 632 1186 ex
643 1137 776 1188 aediliciis
788 1135 902 1186 delendi

95 1209 225 1274 possent:
244 1209 272 1254 et
282 1207 427 1254 materiam
439 1210 565 1255 cunctam
576 1205 745 1269 obtinerent,
766 1205 840 1272 quod
851 1219 901 1256 no-

96 1281 173 1326 strae
190 1274 287 1326 classis
307 1275 539 1341 oppugnationem
563 1276 646 1325 etiarn
659 1274 695 1325 ad
705 1283 809 1328 terram
823 1289 900 1326 rere·

95 1347 208 1398 bantur.
243 1342 339 1405 Iidem,
360 1349 542 1412 posteaquam
553 1343 731 1410 Ganymedes
743 1346 771 1394 in
784 1344 900 1395 concilio

97 1414 278 1475 confirmarit,
298 1427 359 1464 sese
371 1419 466 1476 eteas,
488 1415 804 1480 quaeessentamissae‚
824 1415 906 1465 restl·

96 1491 223 1537 tuturum
246 1488 274 1533 et
296 1497 439 1533 numerum
462 1483 657 1547 adaucturum,
683 1498 784 1552 magna
804 1497 853 1550 spe
873 1490 903 1534 et

96 1555 200 1608 fiducia
210 1557 319 1604 veteres
330 1551 445 1603 reficere
458 1567 549 1614 nares,
565 1555 775 1620 accuratiusque
787 1551 849 1603 liulc
860 1554 902 1604 rei

98 1625 212 1678 studere
224 1627 307 1690 atque
317 1623 451 1673 inservire
462 1622 657 1674 instituerunt:
669 1637 709 1685 ac,
720 1625 833 1674 tanretsi
846 1637 901 1673 am·

97 1695 170 1764 plius
191 1694 239 1746 CX
260 1692 374 1743 navibus
388 1691 480 1759 longis
490 1692 520 1742 in
531 1697 615 1758 portu
626 1691 825 1761 navalibusque
836 1693 902 1742 aml-

98 1769 202 1828 serant,
223 1777 279 1814 non
295 1768 389 1814 tamen
404 1761 576 1828 reparandae
591 1762 686 1814 classis
703 1763 900 1831 cogitationem

98 1835 300 1903 deposuerunt:
318 1831 452 1884 videbant
469 1833 553 1896 enim,
575 1847 631 1883 non
650 1833 755 1884 auxilia
777 1833 900 1895 Caesari,

98 1921 154 1956 non
165 1911 335 1956 commeatus
346 1902 506 1970 supportari
517 1916 613 1968 posse,
634 1903 656 1954 si
667 1903 755 1954 classe
765 1904 817 1969 ipsi
829 1903 901 1954 vale·

98 1980 172 2028 rent.
209 1974 358 2025 Praeterea
369 1973 472 2024 nautici
489 1970 627 2036 homines,
648 1974 724 2024 urbis
736 1978 764 2024 et
774 1973 901 2040 regionis

99 2046 264 2103 maritimae,
277 2043 491 2110 quotidianoque
499 2055 552 2093 usu
563 2057 580 2094 a
590 2045 685 2109 pueris
698 2043 854 2104 exercitati,
866 2042 901 2092 ad

98 2114 228 2164 naturale
243 2127 276 2162 ac
286 2113 469 2162 domesticum
483 2111 587 2162 bonum
601 2110 733 2176 refugere
754 2110 903 2178 cupiebant

94 2187 138 2244 et,
159 2187 291 2249 quantum
311 2181 433 2248 parvulis
453 2183 572 2248 navigiis
587 2180 779 2246 profecissent,
799 2181 903 2231 sentie-

99 2253 175 2303 bant.
208 2253 307 2317 ltaque
319 2251 393 2301 omni
404 2249 495 2300 studio
508 2249 543 2300 ad
563 2250 713 2316 parandam
726 2249 843 2301 classem
861 2251 901 2300 in·

100 2323 260 2377 cubuerunt.

152 2389 227 2442 Xlll.
246 2389 336 2440 Erant
357 2387 485 2439 omnibus
505 2388 585 2439 ostiis
606 2387 662 2439 Nili
683 2387 826 2440 custodiae
846 2390 902 2440 exi·

101 2461 183 2531 genili
204 2458 325 2526 portorii
350 2473 449 2510 caussa
475 2457 632 2524 dispositae.
678 2457 769 2534 Napcs
790 2461 900 2510 veteres

101 2537 181 2584 erant
191 2533 221 2581 in
232 2528 348 2580 occultis
357 2530 453 2596 regiae
464 2527 618 2592 navalibus,
638 2529 736 2596 quibus
746 2527 842 2579 multis
853 2541 900 2580 an-

99 2604 142 2664 uis
152 2601 186 2652 ad
198 2598 382 2667 navigandum
396 2603 545 2651 nouerant
559 2599 612 2650 usi.
648 2599 708 2649 llas
723 2598 899 2662 reficiebantr

98 2672 162 2724 illas
172 2670 369 2724 Alexandriam
384 2670 559 2721 revocabant.
595 2669 720 2722 Deerant
735 2670 818 2734 remi3
836 2682 899 2736 por·

100 2744 180 2809 treus,
196 2741 351 2813 gymnasia,
372 2739 500 2806 aedilicia
509 2739 619 2808 publica
629 2739 804 2808 detegebant,
825 2753 899 2792 asse·
