2152 3132
229 158 266 214 98
411 159 468 213 DE
492 159 637 213 BELLO
660 158 847 213 onuhrco

229 265 349 318 maxime
364 263 466 317 iratres
481 280 543 317 cunr
556 264 689 316 fratribus
700 263 884 330 parentesque
895 279 959 316 eum
971 264 1043 316 libr»

228 335 281 398 ris;
301 335 363 397 sed,
385 350 411 387 ιι
421 336 543 404 quisunt
554 350 587 386 ex
600 333 643 385 bis
654 335 726 396 nats
749 349 843 385 eorum
857 333 999 384 habentur
1009 336 1043 385 lr
1061 329 1062 400 l

229 403 303 466 beri,
325 419 379 472 quo
391 408 509 472 primum
521 405 599 472 rirgo
611 419 736 472 quaeque
748 403 869 454 deducta
879 409 930 454 est.

264 474 325 527 XV.
346 473 462 542 lquites
477 473 600 526 hostium
616 474 803 540 essedariique
817 474 917 523 aeriter
928 455 1062 548 proelio}

229 555 292 594 cum
308 547 433 611 equitatu
449 545 569 595 nostro
561 559 590 594 ιιι
609 545 711 595 itinere
722 543 920 605 conflixerunt,
939 549 1040 592 tamen

229 618 263 664 ut
277 615 367 664 nostri
382 615 508 666 omnibus
523 616 648 681 partibus
664 614 822 679 superiores
837 611 1062 678 metiaturque

230 698 280 734 eos
290 683 318 733 in
331 683 413 734 silvas
423 685 563 751 collesque
575 684 770 750 compulerint.
793 682 843 733 sed
849 682 1062 747 compluribus
1061 735 1062 738 Ἴ

229 752 397 816 interiectis,
412 754 538 819 cupidius
549 753 681 815 insecuti,
697 753 848 803 nonnullos
858 767 892 802 ex
903 753 960 801 suis
971 751 1040 800 ami-

230 827 336 874 serunt.
376 825 412 874 At
431 822 489 884 illi,
510 823 670 872 intermisso
686 823 791 888 spatio,
815 821 1040 886 imprudentibus

230 891 335 942 nostris
343 896 427 957 atque
437 891 579 956 occupatis
588 892 616 940 in
627 891 950 953 munitionecastrorunr,
966 889 1062 942 subi·
1061 917 1062 922 =

230 966 261 1012 to
278 975 307 1010 se
323 974 357 1010 ex
372 959 448 1009 silvis
460 959 601 1011 eiecerunt
611 961 788 1024 impetuque
780 976 810 1009 ιιι
821 973 870 1010 eos
883 960 972 1020 facto,
991 961 1038 1025 qui
1061 949 1062 1012 ι

229 1029 329 1079 erant
321 1044 349 1078 ιιι
359 1028 481 1079 statione
493 1042 542 1096 pro
553 1030 651 1078 castris
663 1029 803 1088 collocati,
820 1030 923 1079 acriter
934 1043 1040 1094 pugna
1061 1047 1062 1086 l

229 1105 341 1148 rerunt:
363 1096 524 1165 duabusque
534 1098 625 1149 missis
636 1098 758 1156 subsidio
770 1096 930 1148 cohortibus
942 1112 959 1146 a
970 1100 1039 1148 Cae-

231 1181 276 1218 sar
279 1183 302 1230 e,
319 1173 401 1233 atque
423 1165 464 1218 bis
476 1167 571 1233 primis
583 1167 724 1248 legionum
736 1167 866 1227 duarum,
883 1165 1039 1234 quunrbae,

230 1237 381 1304 perexiguo
397 1237 555 1288 intermisso
573 1237 626 1287 loci
642 1237 731 1302 spatio
746 1237 819 1287 inter
835 1251 878 1298 se,
895 1237 1038 1287 constitis-

230 1312 307 1370 sent,
334 1320 404 1357 noro
426 1321 528 1373 genere
545 1321 653 1374 pugnae
669 1307 827 1372 perterritis
847 1306 964 1368 nostris,
986 1320 1039 1371 per

231 1377 339 1430 medios
350 1377 533 1428 audacissime
545 1381 741 1442 perruperunt,
758 1391 841 1442 seque
853 1375 918 1426 inde
929 1376 1037 1426 ineolu-

231 1462 291 1499 rues
307 1453 480 1512 receperunt.
517 1447 557 1497 llo
574 1446 619 1496 die
635 1447 668 1507 Q.
679 1445 815 1496 Laberius
827 1445 934 1506 Durus,
950 1446 1037 1495 tribu-

231 1532 284 1568 nus
296 1517 428 1578 militum,
444 1518 618 1567 interficitur.
645 1515 698 1578 llli,
715 1516 839 1581 pluribus
851 1515 981 1566 immissis
990 1529 1035 1564 co

231 1583 372 1647 hortibus,
388 1586 570 1652 repelluntur.

267 1655 340 1706 XVl.
362 1656 435 1706 'loto
453 1653 528 1706 boe'
520 1672 548 1706 ιιι
561 1671 661 1738 genere
673 1667 795 1722 pugnae,
817 1669 899 1722 quum
911 1654 960 1703 sub
972 1667 1036 1704 ocu-

231 1721 266 1775 lis
283 1726 404 1776 omnium
421 1739 453 1775 ac
468 1739 517 1790 pro
534 1726 632 1776 castris
648 1725 838 1786 dimicaretur,
859 1723 1033 1774 intellectum

231 1799 287 1855 est,
309 1799 419 1844 nostros
432 1799 546 1859 propter
557 1809 589 1862 gr
591 1795 723 1845 mitatem
735 1809 883 1875 annorum,
905 1793 977 1873 quod
990 1809 1035 1844 ne-

230 1877 284 1930 que
299 1860 407 1929 insequi
424 1863 554 1915 cedentes
565 1869 690 1930 possent,
706 1879 794 1932 neque
806 1864 894 1914 ab'r
851 1865 937 1930 srgnis
949 1863 1034 1914 disee-

230 1931 297 1984 dore
309 1931 452 1993 auderent,
469 1933 559 1983 minus
571 1939 650 1999 aptos
662 1948 723 1984 esse
734 1934 768 1984 ad
781 1933 861 1984 buius
873 1932 1057 2000 generisbo2

230 2006 315 2063 stem3
334 2002 440 2068 equites
452 2008 544 2053 autem
556 2017 657 2070 magno
669 2018 731 2054 curn
744 2003 867 2068 periculo
879 2002 985 2070 proelio
996 2002 1033 2053 di-

230 2071 347 2133 mioare‚
370 2077 519 2136 propterea
534 2073 607 2139 quod
624 2073 665 2122 illi
682 2073 766 2123 etiam
777 2073 904 2124 consulto
917 2072 1034 2138 plerum-

230 2155 283 2209 que
295 2139 426 2192 cederent
437 2145 474 2204 et,
485 2157 567 2209 quum
580 2141 702 2208 paullum
713 2143 747 2193 ab
760 2142 914 2210 legionibus
925 2150 1034 2194 nostros

228 2211 427 2274 removissent,
449 2225 484 2262 ex
496 2211 600 2263 essedis
611 2211 757 2264 desilirent
768 2220 797 2263 et
808 2213 923 2278 pedibus
933 2214 1034 2278 dispari

228 2279 336 2347 proelio
348 2280 556 2333 contenderent.
592 2284 734 2350 Equestris
745 2288 837 2333 autern
850 2283 949 2348 proelii
962 2283 1033 2332 ratio

230 2356 259 2401 et
269 2350 396 2402 cedentib
418 2365 430 2400 s
442 2357 470 2402 et
481 2353 687 2420 insequentibus
699 2366 749 2418 par
760 2356 843 2419 atque
849 2353 923 2403 idem
930 2368 977 2419 per
979 2355 1032 2402 icu-

229 2418 315 2470 lunr
308 2365 453 2471 inferebat.
488 2422 643 2474 Accedebat
659 2421 724 2484 buc,
746 2428 790 2484 ut,
806 2437 955 2489 numquam
971 2439 1031 2474 con

229 2487 309 2550 ferti,
331 2490 380 2542 sed
401 2491 456 2541 rari
477 2493 639 2558 magnisque
657 2492 810 2542 interrallis
830 2493 1033 2558 proeliarentur

228 2560 417 2640 stationesque
430 2560 576 2626 dispositas
588 2560 722 2612 haberent
732 2570 815 2629 atque
826 2562 894 2612 alios
906 2561 1031 2612 alildein-

228 2641 291 2692 reps
319 2628 479 2693 exciperent
504 2631 661 2699 integrique
685 2637 845 2684 etreesutes
871 2631 1030 2699 defatigatis

227 2696 415 2748 succederent
