2152 3144
159 143 212 200 300
371 142 425 194 DE
444 139 585 194 BELLO
606 138 741 193 GlVlLl

158 257 325 316 ⁴praecurrere
334 246 424 296 iussit.
460 240 511 308 Ita,
528 257 610 311 quum
623 251 748 296 recentes
760 251 843 312 atque
853 243 962 312 integri

159 316 277 370 defessis
290 316 503 377 successissent,
525 315 573 364 alii
589 318 681 364 autem
693 328 710 364 a
722 320 800 381 tergo
815 313 962 364 adoriren-

158 380 217 448 tdr‚
239 387 376 446 sustinere
387 385 551 450 Pompeiani
565 398 621 434 non
637 388 787 450 potnerunt
801 389 883 449 atque
899 369 963 434 uni*-

158 457 232 508 rersi
244 461 323 522 terga
339 459 492 507 verterunt.
527 453 622 522 Neque
638 467 704 504 vero
715 454 860 505 Caesarem
881 449 964 503 sel'elss

160 527 202 588 lit,
214 526 280 592 quin
292 526 326 575 ab
338 526 372 575 iis
383 523 554 585 cohortibus,
576 537 647 590 quae
658 525 755 574 contra
767 523 920 589 equitatum
932 524 963 572 iu

158 599 259 662 quarta
270 595 328 644 acie
340 594 492 645 collocatae
506 598 612 654 essent,
631 592 742 643 initium
753 592 888 643 victoriae
905 591 963 642 oria

159 672 249 726 retur,
270 668 303 714 ut
314 664 371 729 ipse
384 665 411 712 in
423 661 600 714 cohortandis
612 661 746 713 militibus
762 661 963 727 pronunciare·

159 740 212 786 rat.
247 732 288 786 Ah
299 731 341 784 his
354 735 426 784 enim
438 735 555 797 primum
573 732 711 798 equitatus
731 738 775 782 est
795 731 903 797 pulsus,
925 730 962 780 nb
1063 767 1070 786 ,

158 803 256 854 iisdem
276 801 367 853 factae
390 802 490 853 caedes
505 801 716 868 sagittariorum
737 807 820 868 atque
840 799 964 850 fundito-

158 889 229 934 rum,
252 872 285 922 ab
307 872 406 922 iisdem
427 873 501 922 acies
519 871 860 938 Pompeianaa‘sinistra
878 865 963 936 parte

159 947 221 996 erat
241 942 387 992 circumita
409 948 493 1009 atque
512 941 625 991 initium
646 937 728 1006 fugae
748 939 863 991 factumi
904 935 973 990 sad-

158 1010 370 1076 Pompeiuaut
386 1013 541 1078 equitatum
562 1023 641 1060 suum
657 1009 765 1074 pulsum
786 1009 856 1059 vidit
876 1015 962 1076 utque

159 1097 220 1134 eam
232 1088 349 1148 partem,
358 1081 403 1132 cui
412 1082 529 1130 nranime
540 1078 703 1140 confidebat,
714 1081 891 1145 perterritam
903 1078 963 1128 ani·
1064 1128 1068 1141 ,

158 1165 232 1202 mum
243 1149 372 1212 advertit,
385 1150 447 1201 aliis
459 1147 564 1199 diffisus
575 1147 634 1197 acie
646 1149 767 1199 excessit
777 1150 960 1215 protinusque

159 1236 190 1272 se
200 1221 229 1270 in
241 1226 333 1270 castra
345 1235 416 1286 equo
427 1216 545 1270 eorrtulit
560 1222 592 1267 et
602 1217 637 1267 iis
649 1218 872 1280 centurionibus,
890 1229 961 1284 quoq

158 1291 187 1341 in
200 1289 321 1340 statione
333 1289 368 1340 ad
380 1287 546 1355 praetoriam
557 1291 664 1352 portum
678 1293 817 1354 posuerat,
833 1286 917 1349 clare,
928 1291 961 1336 ut

93 1359 97 1366 '
158 1359 261 1410 auilites
271 1358 443 1418 exaudirent,
458 1354 589 1417 Tuemr'nn',
608 1356 708 1424 inquit,
729 1367 821 1410 cestre
833 1365 859 1408 et
870 1355 960 1428 defen·

159 1428 214 1480 dite
225 1426 383 1496 diligenter,
403 1425 428 1477 ei
442 1425 508 1492 quid
516 1425 611 1478 durius
621 1425 765 1479 occiderit:
783 1443 832 1495 ego
841 1421 960 1491 reliquus

157 1507 250 1564 portes
275 1497 406 1549 deterreo
429 1503 457 1546 et
482 1504 633 1547 castrorum
658 1495 797 1563 praesidia
823 1495 959 1566 confirmo.

158 1568 238 1624 Ilaec
248 1582 332 1634 quum
343 1565 466 1626 dixisset,
485 1579 516 1616 se
528 1567 556 1615 in
568 1568 737 1632 praetorium
750 1567 877 1627 contulit,
887 1581 959 1616 sum·

159 1651 220 1688 mae
231 1636 273 1686 rei
286 1634 412 1686 diffidens
424 1640 555 1686 ettamen
567 1642 695 1687 eventum
707 1643 881 1703 exspectans.

178 1712 181 1718 '
209 1704 293 1756 XCV.
313 1705 427 1766 Caesar,
448 1703 626 1773 Pompeianis
643 1720 677 1758 ex
694 1705 761 1773 fuga
772 1706 847 1756 intra
855 1704 958 1756 vallum

159 1773 317 1842 compulsis,
328 1772 434 1824 nullum
445 1777 565 1840 spatium
576 1775 733 1840 perterritis
747 1774 957 1839 dare-oportere

158 1844 330 1906 existimans,
346 1842 451 1894 milites
463 1841 624 1896 cohortatus
637 1849 688 1906 est,
711 1849 742 1893 ut
752 1844 889 1895 beneficio
901 1843 956 1894 sor·

158 1919 244 1965 tunae
264 1918 414 1964 uterentur
434 1920 580 1980 castraque
602 1918 807 2032 oppugnarent:
830 1914 884 1980 qui,
903 1915 957 1965 etsi

158 1995 258 2048 magno
279 1988 359 2032 aestu
379 1981 499 2050 fatigati,
521 1986 632 2045 (name
670 1981 815 2034 meridiem
834 1989 956 2036 reserat
1006 1971 1011 1990 '

158 2051 302 2120 perducta)
318 2057 425 2114 meren,
446 2052 482 2102 ad
492 2066 602 2104 omnem
616 2051 740 2104 laborem
751 2055 843 2106 animo
858 2055 956 2121 parati,

157 2121 274 2189 imperio
295 2126 457 2189 paruerunt.
494 2121 592 2171 Castra
606 2136 623 2170 a
637 2120 810 2186 cohortibus,
828 2139 899 2192 quae
919 2124 955 2174 ibi

157 2191 297 2259 praesidio
320 2197 400 2242 erant
418 2190 547 2251 relictae,
566 2189 706 2244 industrie
727 2192 955 2255 defendebantur,
1056 2234 1061 2251 ,

157 2261 246 2312 multo
259 2263 343 2312 etiarn
354 2261 445 2312 acrius
456 2256 636 2315 aThracibus
647 2262 827 2331 barbarisque
838 2263 955 2314 auxiliis.

157 2330 238 2392 Nam,
250 2333 296 2396 qui
306 2332 363 2382 acie
375 2328 538 2396 refugerant
548 2329 660 2394 milites,
681 2337 711 2384 et
721 2334 814 2385 animo
825 2333 954 2400 perterri-

158 2401 191 2462 ti,
212 2405 240 2452 et
255 2398 418 2454 lassitudine
434 2396 567 2461 conlecti,
588 2401 680 2454 missis
692 2402 816 2470 plerique
827 2403 953 2454 armissi·

158 2470 276 2537 gnisque
287 2469 464 2530 militaribus,
475 2471 565 2538 magis
577 2469 611 2522 de
622 2473 730 2540 reliqua
741 2471 817 2541 luga,
829 2488 911 2541 quam
922 2471 954 2524 de

158 2543 312 2590 castrorum
331 2537 494 2590 defensione
506 2541 675 2608 cogitabunt.
711 2541 809 2610 Neque
820 2558 887 2595 vero
899 2543 953 2594 diu·

157 2607 222 2665 tius,
234 2608 281 2673 qui
292 2607 321 2657 in
330 2606 403 2657 rallo
415 2607 607 2674 constiterant,
619 2611 824 2664 multitudinem
837 2612 952 2665 telorum

158 2675 296 2730 sustinere
311 2679 477 2742 potuerunt3
496 2677 545 2730 sed
558 2679 678 2736 confecti
689 2681 847 2736 uulneribus
865 2682 951 2736 lorum
