2150 3124
166 199 184 250 o
353 195 409 250 oe
429 183 570 248 cneco
593 193 778 248 caturco

166 301 239 370 legio
250 303 315 364 una)
326 306 447 368 pontem,
455 301 500 367 qui
512 305 574 350 erat
583 298 772 361 adGenerem,
780 295 968 350 iubetrescin·

167 373 204 423 di.
239 371 288 422 Ubi
300 372 333 422 de
345 372 402 421 cius
414 369 532 422 adventu
542 369 663 420 Helvetii
674 369 805 420 certiores
817 367 882 420 sacti
893 371 967 428 sunt,

167 442 274 510 legatos
285 441 319 492 ad
330 455 392 492 eum
404 440 531 501 mittunt,
547 438 733 489 nobilissimos
743 437 878 498 civitatis,
890 437 967 487 cuius

166 511 313 578 legationis
327 509 457 560 Nameius
473 515 500 560 et
510 505 696 560 Verudoctius
711 508 860 574 principem
874 505 966 556 locum

166 581 340 641 obtinebant,
349 577 401 646 ‘qui
414 577 549 642 dicerent,
567 576 619 628 aiot
629 575 722 628 esseio
732 576 829 637 animo,
846 574 903 627 eine
912 575 967 624 ullo

142 674 146 682 ·
166 651 236 701 drale
257 648 297 700 cio
311 648 367 700 iter
378 664 429 716 per
442 646 607 720 provinciam
619 647 728 718 facere,
744 654 888 712 propterea
899 642 969 710 qnod
1070 635 1071 658 ³

166 649 306 770 aliaeilfiiter
315 717 444 770 haberent
453 719 569 768 nullium.-
594 733 707 786 rogare,
722 724 754 766 ut
764 717 820 766 eius
830 715 968 766 volontate

166 788 197 840 iu
205 788 256 840 riti
261 789 358 860 facere
368 787 458 839 liceat.
496 787 607 848 Caesar,
617 786 691 852 quod
702 787 837 837 memoria
847 784 968 842 tenebat,

166 858 199 908 L.
211 861 334 909 Cassium
344 856 486 907 consulem
498 856 629 916 occisum,
649 856 854 921 exercitumque
865 851 969 904 eiusab

167 928 304 978 Helvetiis
324 925 433 992 pulsum
454 929 482 974 et
497 925 547 974 sub
563 926 658 990 iugum
674 925 801 986 missum,
820 922 971 974 conceden-

166 997 231 1049 dum
243 1010 297 1046 non
309 993 434 1060 putebat:
455 1009 545 1059 neque
556 991 679 1044 homines
691 993 802 1043 inimico
812 993 913 1052 animo,
924 991 970 1040 da·

167 1072 198 1116 ta
213 1065 347 1116 facultate
363 1069 412 1129 per
427 1063 594 1128 provinciam
605 1063 713 1112 itineris
724 1061 856 1123 faciundi,
866 1065 969 1124 tempe·

167 1133 279 1185 tuturos
289 1135 323 1184 ab
334 1133 437 1182 iniuria
447 1137 476 1181 et
486 1131 621 1182 maleficio
632 1131 816 1182 existimabat.
853 1131 969 1189 Tamen,
1070 1175 1071 1198 ,

168 1208 201 1253 tit
210 1203 328 1268 spatium
340 1201 512 1252 intercedere
522 1205 629 1266 posset,
639 1200 704 1251 dum
713 1200 830 1262 milites,
842 1213 910 1268 quos
922 1200 969 1246 im-

167 1277 326 1340 peraverat,
336 1271 528 1332 convenirent,
539 1271 637 1338 legatis
648 1270 804 1336 respondit,
819 1269 887 1320 diem
897 1282 924 1317 se
934 1265 972 1317 od

167 1340 367 1394 deliberandum
380 1347 531 1391 sumturum
537 1357 549 1402 ;
572 1339 598 1391 ci
615 1335 682 1407 quid
697 1340 805 1402 vellent,
819 1353 851 1389 e.
865 1336 892 1388 d.
905 1336 971 1389 ldae

167 1408 233 1477 Apr.
244 1417 450 1475 reverterentur.

220 1479 291 1532 illl.
328 1480 439 1532 interea
449 1491 482 1532 eo
492 1477 616 1547 legione,
636 1493 718 1546 quem
734 1493 828 1530 secum
842 1474 971 1539 habebat,
1070 1453 1071 1476 ³

169 1550 373 1618 militibusque,
393 1549 440 1617 qui
455 1563 490 1601 ex
504 1551 646 1615 provincia
656 1553 856 1610 convenerant,
876 1545 971 1598 slacu

167 1618 324 1682 Lemanno,
344 1620 389 1688 qui
400 1621 428 1668 in
440 1617 541 1670 flumen
552 1613 716 1670 Rhodanum
729 1617 833 1679 inlluit,
851 1617 885 1668 ad
896 1631 972 1667 mon·
1070 1635 1071 1640 ¹

167 1695 225 1740 tem
240 1687 344 1750 lurani,
363 1691 410 1754 qui
426 1689 494 1738 lines
506 1687 697 1756 Sequanorum
713 1687 746 1738 ab
755 1685 891 1738 Helvetiis
906 1685 972 1736 divi·

154 1784 156 1788 ν
168 1759 221 1818 dit,
233 1759 310 1808 milia
319 1771 447 1822 passuum
458 1756 553 1808 decem
564 1768 661 1808 norem
672 1769 794 1818 murum,
809 1756 837 1805 in
848 1755 971 1806 altitudi-

140 1834 149 1843 “
167 1833 230 1878 ilem
242 1826 342 1892 pedum
354 1825 487 1886 sedecim,
498 1825 656 1892 fossamque
667 1825 801 1891 perducit.
834 1827 875 1876 Eo
886 1838 972 1890 opere
1070 1859 1071 1874 i

166 1895 305 1964 perfecto,
314 1895 455 1965 praesidia
465 1893 599 1961 disponit,
612 1893 726 1945 castella
736 1894 900 1956 communit,
916 1907 969 1960 quo
1070 1891 1071 1896 ’

167 1965 293 2028 facilins,
311 1966 334 2014 si
349 1979 378 2015 se
393 1964 480 2032 invito
490 1965 608 2016 transire
620 1969 801 2025 conarentur,
821 1959 970 2030 prohibere
1070 1993 1071 2000 κ

165 2036 264 2103 possit.
298 2034 350 2084 libi
361 2043 394 2084 ea
404 2033 477 2096 dies,
498 2049 579 2101 quem
591 2035 845 2085 constituentem
862 2033 970 2100 legatis,

165 2107 256 2167 venit,
276 2108 305 2155 et
319 2102 405 2171 legati
415 2103 450 2154 ad
461 2113 524 2155 eum
536 2107 722 2162 reverterunt,
741 2108 837 2170 negat,
857 2119 884 2154 re
899 2117 971 2154 more

167 2181 197 2227 ct
211 2173 330 2241 exemplo
339 2173 436 2254 populi
449 2169 567 2225 Rotnani
578 2187 655 2240 poste
667 2171 721 2232 iter
735 2171 786 2224 ulli
797 2187 851 2254 per
863 2171 972 2254 proviti-

167 2243 238 2296 ciom
248 2244 330 2306 dore3
354 2251 394 2304 et,
410 2242 599 2314 tecimforere
609 2250 752 2305 conentur,
768 2240 972 2310 prohibiturum
1070 2295 1071 2308 ,

168 2313 298 2366 ostendit.
333 2313 469 2375 Helvetii,
489 2323 523 2364 ea
540 2321 589 2380 spe
609 2312 719 2374 deiecti,
739 2314 854 2363 navibus
871 2313 971 2364 iunctis

167 2383 330 2451 ratibusque
350 2383 537 2449 compluribus
558 2382 653 2446 iactis,
671 2382 720 2433 alii
740 2381 817 2432 vadis
835 2378 973 2444 lllmdani,

160 2464 223 2519 ‘qua
233 2454 346 2504 minima
357 2452 476 2503 altitudo
487 2449 607 2502 domitus
618 2457 691 2514 erat,
711 2466 915 2519 nonnumquam
932 2455 970 2500 in·
1070 2497 1071 2514 ,

122 2553 124 2558 ·
167 2521 273 2584 te'rdiu,
282 2522 392 2587 saepius
401 2527 500 2585 noctu,
511 2523 533 2572 si
544 2535 722 2588 perrumpere
732 2526 859 2587 possent,
870 2519 969 2574 conati.

169 2593 261 2658 operis
270 2593 422 2644 munitione
430 2599 461 2645 et
470 2592 588 2642 militum
600 2605 734 2642 concursu
744 2596 773 2642 et
783 2590 847 2643 telis
857 2587 968 2657 repulsi,

168 2657 222 2711 hoc
231 2666 331 2714 conatu
342 2660 519 2714 destiterunt.

220 2729 268 2780 lll.
304 2727 521 2798 Relinquebatur
538 2745 594 2782 una
608 2745 657 2799 per
672 2729 870 2800 Septimania
899 2737 968 2798 nque,

1064 2920 1070 2940 l
