2152 3144
155 155 209 212 tao
362 153 418 208 ou
437 151 577 242 uacuo
596 95 732 226 carvin-1

156 257 322 326 extenderet
333 265 362 311 et
372 265 551 328 praegressos
561 258 695 327 consequi
706 262 841 324 cuperet„
856 263 958 326 quarte

155 329 202 382 dio
220 328 305 382 tincrn
319 326 454 396 sequendi
469 328 536 380 iecit
550 334 634 396 atque
650 326 957 382 nliudsibieonsiiiuut
977 355 979 362 ·

124 410 132 442 ῖ
155 397 512 467 cupiendumexistimarit.
605 423 608 432 =
645 439 647 446 .
681 437 684 444 v
996 441 998 450 .

205 467 356 522 cxxviii.
375 468 509 532 Caesari,
521 466 557 520 ad
570 467 678 520 saucios
692 465 886 535 deponendos,
903 468 956 520 sti·

153 537 286 608 pendium
306 536 598 600 exercituidandurn,
631 538 722 589 socios
743 536 957 602 confirmandos,

153 609 324 676 praesidium
336 608 451 662 urbibus
460 607 682 675 relinquendum,
702 621 817 660 necesse
828 612 888 659 erat
898 607 957 658 adi-

152 693 185 730 re
195 678 377 744 Apolloniam.
413 676 468 730 Sed
483 676 526 728 his
540 678 624 729 rebus
640 681 749 730 tanturn
762 677 897 744 temporis
906 677 956 726 tri·

152 747 228 810 buit,
249 753 383 815 quantum
399 753 461 799 erat
471 747 634 816 properanti
646 761 774 800 necesse:
795 747 956 814 timensque

151 816 291 878 Domitio,
313 831 349 868 ne
359 816 483 868 adventu
493 817 615 883 Pompeii
627 822 897 884 praeoccuparetur,
918 813 956 868 ad

151 901 217 938 eum
239 886 314 936 omni
334 886 480 938 celeritate
501 892 530 938 et
549 886 642 938 studio
656 887 787 950 incitatus
802 884 955 936 terebatur.

101 989 102 994 κ
152 957 252 1007 Totius
263 959 357 1006 sutem
368 956 409 1008 rei
421 955 621 1007 consiliumbis
626 956 782 1008 rationibus
789 954 955 1022 explicabat,

151 1029 192 1086 ut,
207 1025 231 1076 si
241 1022 389 1091 Pompeius
399 1024 496 1077 eodem
507 1026 698 1089 contenderet,
715 1025 863 1077 abductum
874 1023 954 1078 iilum

151 1107 170 1145 e
179 1094 249 1144 mari
260 1099 343 1162 atque
355 1092 389 1146 nb
399 1094 436 1147 iis
446 1094 541 1160 copiis,
553 1110 621 1163 quas
631 1093 803 1162 Dyrrhachii
814 1107 955 1160 eompara-

151 1168 242 1226 verae
254 1163 397 1220 frumento
409 1179 441 1216 ac
451 1169 609 1222 commeatu
620 1165 801 1227 abstractum,
815 1165 876 1231 pari
889 1179 953 1215 con·
1002 1215 1006 1226 ,

150 1231 259 1286 ditione
269 1233 436 1302 beilisecum
447 1233 593 1299 decertare
608 1239 735 1304 cogeret:
763 1236 787 1286 si
803 1236 832 1285 in
843 1233 952 1285 ltalinm

150 1304 300 1368 unrrsiret3
325 1305 471 1356 coniuncto
483 1305 608 1356 exercitu
618 1320 680 1358 cum
690 1305 815 1358 Domitio
825 1318 875 1371 per
886 1301 953 1370 llly-

149 1374 245 1434 ticum¹
259 1373 357 1427 ltoiiae
373 1374 500 1426 subsidio
515 1375 752 1442 proficisceretur:
783 1375 827 1426 sin
841 1373 951 1438 Apollo·

149 1443 226 1494 niam
233 1444 401 1513 Oricumque
412 1458 573 1514 oppugnare
583 1449 612 1497 et
622 1459 652 1498 se
663 1446 738 1496 omni
748 1443 890 1496 maritima
902 1456 953 1494 ora

111 1521 119 1534 ⁸
150 1512 474 1577 excludereeonnretur;
500 1515 614 1568 obsesso
623 1521 718 1568 tamen
730 1513 873 1581 Scipione,
904 1527 951 1564 ne·

150 1583 273 1635 cessario
284 1581 364 1637 iilum
379 1586 437 1635 suis
447 1585 581 1637 auxilium
595 1583 670 1638 ferre
687 1589 809 1652 cogeret.
844 1581 951 1648 itaque,

142 1653 310 1718 ‘praemissis
321 1654 428 1712 nrrnciis
439 1652 474 1704 ad
486 1654 535 1705 Cn.
545 1653 710 1717 Domitium,
726 1655 831 1705 Caesar
840 1653 952 1716 scripsit

149 1725 186 1782 et,
206 1719 466 1788 quidiierirellet,.
478 1721 613 1774 ostendite
633 1721 828 1790 praesidioque
836 1719 949 1786 ,Apollo-

147 1790 212 1840 niae
224 1786 384 1842 cohortibus
395 1796 527 1858 quatuor,
547 1789 620 1840 Lissi
632 1808 700 1856 una,
721 1793 809 1842 tribus
821 1789 896 1840 Orici
906 1802 949 1839 re·

148 1857 236 1920 lictis,
265 1859 366 1926 quique
378 1865 460 1911 erant
468 1871 503 1911 ex
513 1859 675 1913 vulneribus
685 1861 776 1928 aegri,
807 1856 949 1926 depositis,

146 1941 198 1994 per
216 1928 331 1995 Epirum
345 1933 437 1996 ¹etque
452 1929 636 1984 Acarnaniam
657 1931 712 1982 iter
733 1927 826 1981 iacere
848 1925 949 1994 coepit

147 1995 294 2064 Pompeius
310 2012 434 2066 quoque,
465 1997 500 2050 de
516 1999 643 2066 Caesaris
662 1998 950 2068 consilioconieetura

147 2064 287 2130 iudicans,
316 2068 351 2120 ad
362 2067 519 2134 Scipionem
530 2067 735 2135 properandum
746 2069 798 2120 sibi
807 2067 951 2119 existima-1
969 2123 974 2136 y,

148 2136 207 2201 bat,
228 2137 366 2190 eiCaesar
376 2138 431 2189 iter
441 2137 492 2190 iilo
503 2136 627 2202 baberet,
638 2145 669 2190 ut
679 2139 832 2190 subsidium
845 2135 949 2203 Scipio·

147 2205 179 2258 ui
199 2206 299 2272 ferret3
311 2208 354 2259 si
364 2209 399 2264 ab
420 2222 475 2271 ora
485 2208 625 2262 maritima
640 2209 789 2276 Oriciaque
804 2204 948 2260 discedere

91 2335 94 2347 ¹
147 2275 249 2341 noliet,
270 2276 344 2346 quod
355 2278 480 2346 legiones
495 2280 704 2348 equitatumque
715 2293 750 2330 ex
760 2277 843 2330 italia
852 2289 950 2343 exspe·

146 2351 254 2466 pter-etp
282 2350 346 2416 ipse
362 2355 395 2402 ut
416 2348 544 2404 omnibus
567 2349 656 2418 copiis
677 2347 831 2401 Domitium
852 2344 953 2413 augre

166 2423 274 2470 &fetura
513 2461 516 2468 ,
556 2445 584 2472 ,·
823 2461 825 2466 .
857 2443 859 2446 ·
901 2449 904 2456 ·

197 2486 323 2540 Lxxm
340 2487 378 2540 lis
392 2487 427 2540 de
442 2488 547 2541 caussis
561 2494 680 2558 uterque
697 2503 793 2542 corum
810 2483 948 2538 celeritati

145 2555 289 2618 studebat,
310 2562 339 2608 et
349 2558 406 2610 suis
417 2563 533 2612 utesset
544 2560 662 2622 auxilio,
683 2564 726 2621 ct,
746 2558 781 2610 ad
792 2555 948 2624 opprimen-

146 2621 198 2672 dos
207 2625 392 2688 adversarios,
402 2643 437 2679 ne
449 2629 588 2685 occasioni
600 2630 732 2694 temporis
745 2628 863 2680 deesset.
882 2621 947 2676 ·Sed

145 2690 292 2748 Querens
298 2694 444 2764 Apollonia
454 2711 472 2750 a
482 2695 854 2784 directqitinerenrerteratq
865 2693 952 2753 Rom-r
