2152 3144
166 191 219 264 aaa
383 193 442 262 nu
460 193 601 247 urano
621 190 758 246 crvtut

156 312 297 364 ¹sequens,
319 312 402 364 quam
424 297 825 362 plurimoscollesnccuparet,
844 301 974 362 etquam

166 365 318 419 latissimas
338 369 467 435 regiones
488 367 634 435 praesidiis
648 373 767 428 teneret,
789 367 975 431 Caesarisque

156 439 272 502 noepias,
285 452 366 503 quam
379 440 497 488 niaxime
514 443 615 502 posset,
626 437 784 488 distineret:
803 435 831 484 id
842 433 916 500 quod
926 448 974 484 ac-

158 507 256 576 ἱιτίἀίῐ..
292 506 419 558 Castellis
443 511 519 558 enim
545 513 667 575 quatuor
686 510 718 557 'et
738 505 837 572 viginti
856 501 975 564 effectio,

170 575 328 644 quindecim
349 577 427 628 milia
445 591 576 642 passuum
598 577 715 626 circuitu
734 576 891 642 amplexus,
909 571 976 628 ¹boc

158 647 261 712 ¹spatio
281 647 477 712 pabuiabatur3
495 647 638 714 multaque
661 651 742 696 erant
762 647 839 695 intra
853 657 916 692 eum
934 642 975 692 lo-

103 770 107 776 ,
168 731 232 772 sturm
247 731 330 766 manu
350 723 421 779 sata,
443 718 541 782 quibus
561 718 672 778 interim
692 716 818 766 iumenta
839 717 975 777 pasceret.

156 783 258 851 JAtque
274 791 305 834 ut
319 787 418 848 nostri,
440 785 513 852 [qui]
534 791 681 851 perpetuas
700 786 871 840 munitiones
888 780 976 834 liabess

159 855 253 915 bant,
274 853 422 921 perductas
433 871 467 907 cx
479 856 602 914 castellis
612 857 640 904 in
652 856 778 920 proxima
789 851 916 914 castella,
940 865 976 901 ne

161 939 225 990 ,quc
242 923 303 973 loco
315 932 492 989 erumperent
504 923 663 991 Pompeiani
675 931 705 974 et
716 931 826 978 nostros
842 930 904 988 post
921 928 976 971 ter-

170 1008 236 1060 gum
247 993 435 1055 adorirentur,
449 993 622 1058 [timebant]:
634 996 675 1044 ita
685 993 728 1044 illi
738 995 873 1046 interiore
884 993 976 1058 spatio

160 1068 318 1130 'perpetuas
329 1065 498 1114 munitiones
510 1064 676 1124 efficiebant,
699 1079 735 1114 ne
746 1079 801 1130 quo
812 1064 873 1120 loco
885 1062 976 1114 nostri

169 1133 277 1182 intrare
298 1137 380 1199 atque
402 1135 476 1198 ipsos
495 1148 512 1183 a
531 1137 610 1200 tergo
633 1134 835 1191 circumvenire
851 1137 975 1198 possent.

162 1199 226 1258 ‚Sed
236 1200 278 1251 illi
289 1203 419 1269 operibus
430 1203 584 1266 vincebant,
603 1202 677 1269 quod
690 1209 718 1252 et
729 1199 844 1257 numero
854 1202 974 1256 militum

163 1273 363 1338 praestabant,
386 1279 414 1323 et
424 1274 559 1324 interiore
575 1273 667 1338 spatio
679 1273 815 1326 minorem
828 1273 972 1326 circuitum

161 1340 320 1393 'habebant
358 1343 435 1404 Quae
447 1359 529 1410 quum
541 1349 623 1394 erant
634 1342 697 1394 loca
708 1343 818 1394 Caesari
830 1340 973 1407 capienda,

170 1413 223 1464 etsi
236 1411 383 1479 prohibere
394 1413 540 1479 Pompeius
551 1415 620 1472 totis
635 1415 722 1478 copiis
734 1418 763 1462 ct
775 1413 906 1464 dimicare
918 1427 972 1460 mm

162 1480 367 1535 ¹constituerat:
387 1490 481 1535 tamen
502 1485 558 1534 suis
580 1483 650 1536 locis
671 1483 833 1548 sagittarios
854 1480 974 1534 fundito-

170 1565 271 1620 resque
292 1554 434 1617 mittebat‚
456 1568 720 1621 quorummaguum
742 1551 860 1610 babebat
879 1564 973 1600 nume-

170 1635 242 1682 rum,
254 1622 390 1690 nrultique
401 1638 435 1675 ex
446 1623 552 1674 nostris
564 1623 791 1684 vulnerabantur,
804 1632 973 1687 magnusque
1065 1629 1066 1634 ’

165 1690 324 1748 incesserat
339 1693 422 1752 tiator
442 1695 608 1758 sagittarum
620 1698 713 1759 *atque
725 1706 822 1744 ornnes
832 1691 892 1742 fere
905 1689 974 1740 miii·

169 1763 212 1808 tes
224 1765 271 1808 aut
283 1775 317 1818 ex
329 1763 441 1823 coactis,
463 1767 511 1811 aut
532 1777 568 1814 ex
587 1761 760 1822 centonibus,
780 1766 829 1810 aut
844 1775 879 1811 ex
890 1761 972 1810 coriis

169 1828 279 1877 tunicas
292 1835 340 1880 aut
353 1831 508 1896 tegimenta
518 1830 652 1891 fecerant,
664 1830 763 1896 quibus
775 1830 833 1880 tela
843 1831 971 1880 ritarcut.

221 1895 305 1946 XLV.
326 1899 357 1948 ln
370 1899 536 1964 occupandis
548 1899 694 1964 praesidiis
706 1913 807 1964 magua
819 1899 843 1947 ri
856 1905 971 1962 uterque

169 1966 320 2028 nitebatur,
334 1969 443 2030 Caesar,
464 1974 588 2035 utquam
600 1969 796 2034 angustissime
809 1967 970 2033 Pompeium

167 2037 341 2100 coritineret3
352 2037 507 2104 Pompeius,
515 2044 547 2089 ut
557 2053 638 2106 quam
652 2037 784 2103 plurimos
795 2038 879 2088 colles
891 2051 970 2102 quam

168 2107 290 2158 maximo
304 2108 418 2166 circuitu
430 2115 590 2176 oocuparet:
610 2109 763 2175 crebraque
776 2109 811 2158 ob
823 2123 884 2160 eam
896 2123 970 2158 caus

170 2191 228 2228 sam
241 2177 347 2244 proclia
357 2178 471 2229 fiebant.
508 2179 539 2230 ln
551 2177 593 2228 his
604 2194 688 2245 quum
704 2178 777 2245 legio
788 2179 915 2230 Caesaris
925 2193 971 2232 tro

170 2262 208 2297 ua
219 2248 388 2312 praesidium
400 2249 539 2314 quoddam
552 2250 783 2314 occupavissetet
793 2250 902 2302 munire
914 2263 971 2298 cue·

169 2317 270 2436 pisset3
290 2316 354 2370 buic
373 2317 435 2371 loco
455 2321 640 2386 propinquum
652 2319 859 2371 etcontrarium
875 2317 971 2371 collem

194 2388 320 2452 ompeius
332 2389 476 2457 occupavit
486 2395 649 2456 nostrosque
659 2403 745 2454 opere
752 2388 903 2455 probibere
913 2398 971 2441 coe

170 2456 223 2520 pit:
244 2464 281 2518 et,
304 2474 387 2525 quum
405 2475 462 2509 una
477 2473 510 2510 eu
532 2465 611 2525 parte
632 2473 719 2525 prope
736 2474 853 2524 aequum
866 2457 968 2508 aditum

170 2521 294 2586 baberet,
306 2530 425 2593 primum
438 2529 592 2596 sagittariis
604 2528 848 2594 funditoribusque
859 2528 969 2579 circum·

168 2592 260 2656 iectis,
280 2603 377 2662 postea
399 2597 467 2648 loris
489 2604 648 2650 armaturae
669 2613 770 2662 ntagua
791 2595 969 2648 nnrititudine

171 2661 264 2722 missa,
284 2668 485 2734 tormentisque
508 2667 632 2732 prolatis,
654 2668 822 2720 munitiones
844 2667 969 2734 impedie-

170 2725 229 2778 bat:
250 2746 340 2803 neque
361 2743 422 2790 erat
437 2737 519 2790 taetre
532 2739 649 2799 uostris,
671 2744 862 2806 uuotempore
876 2749 967 2804 propu-
