2180 3140
181 133 233 188 aar
293 136 348 188 ns
366 136 509 188 annito
530 132 665 188 crvier
686 131 816 188 crana
837 137 876 190 11.
896 101 903 113 ’

232 239 332 292 XLlll.
352 241 404 292 llis
417 240 500 290 rebus
512 239 643 302 cognitis,
655 240 693 290 Μ.
705 239 794 292 Rufus
806 237 950 308 quaestor,
961 242 996 294 in

176 311 281 362 castris
293 311 411 362 relictus
423 323 440 360 a
452 310 583 373 Curione,
606 308 771 361 cohortatur
781 326 857 370 snos,
879 327 914 363 nc
927 314 993 363 ani·
1074 349 1075 352 ,

179 395 224 430 rno
237 379 379 432 deficiant.
417 380 461 430 llli
472 385 555 431 orant
566 385 650 447 atque
662 381 822 442 obsecrant,
833 381 905 431 utin
918 380 993 433 Sici·

180 450 247 502 liam
259 451 375 501 navibus
387 453 577 517 reportentur.
615 449 777 512 Pollicetur,
787 451 992 519 magistrisque

178 522 299 587 imperat
310 521 430 582 narium,
443 526 474 571 ut
484 520 573 586 primo
585 534 702 585 vespere
714 535 810 570 omnes
822 519 940 586 scapbas
952 521 992 572 ad

177 591 246 642 litus
268 589 399 656 adpulsas
421 589 549 641 habeant.
591 587 647 640 Sed
669 594 764 641 tantus
785 589 841 640 fuit
862 590 990 641 omnium

176 668 281 722 terror,
292 665 324 710 ut
336 660 384 711 alii
396 659 496 712 adesse
509 660 603 727 copias
615 660 699 710 lubae
711 659 847 722 dicerent,
862 660 910 710 alii
923 675 989 710 cum

166 726 339 798 'legionibus
355 731 464 782 instare
476 729 596 793 Varum,
618 730 729 797 iamque
741 745 772 780 se
786 729 930 796 pulverem
941 744 989 782 ve·

177 801 316 851 nientium
328 815 459 862 cernere3
479 815 596 867 quarum
611 814 704 861 rerum
718 798 786 849 nibil
810 799 931 850 omnino·
943 813 988 850 ao-

177 871 298 932 cider·at;
319 869 368 921 alii
380 871 499 921 classem
520 869 641 921 bostium
653 870 784 920 celeriter
794 869 986 920 advolaturam

177 940 411 1006 suspicarentur..
441 940 554 1006 ltaque,
576 941 734 1006 perterritis
757 941 900 1002 omnibus,
932 939 987 990 sibi

176 1010 293 1078 quisque
304 1008 478 1060 consulebat.
516 1009 571 1070 Qui
585 1011 615 1060 in
629 1009 719 1060 classe
731 1016 822 1072 crant,
844 1008 986 1076 proficisci

175 1078 377 1147 properabant:
400 1076 500 1129 horum
516 1079 585 1146 fuga
600 1079 711 1129 navium
724 1079 917 1130 onerariarum
930 1093 987 1129 rna·

175 1150 281 1218 gistros
292 1147 441 1201 incitabat:
460 1149 541 1215 pauci
557 1149 699 1200 lenunculi
714 1149 748 1199 ad
764 1150 887 1200 ollicium
897 1149 986 1214 impe·

175 1221 304 1286 riumque
317 1219 533 1271 conveniebant:
552 1220 602 1270 sed
613 1222 693 1269 tanta
704 1225 773 1280 erat,
795 1219 940 1285 completis
951 1217 985 1268 li·

171 1290 293 1351 toribus,
315 1292 466 1350 contentio,
484 1289 532 1357 qui
542 1289 718 1356 potissimum
732 1303 766 1339 ex
778 1303 879 1356 magno
892 1303 985 1339 nume·

176 1375 208 1411 ro
221 1359 459 1422 conscenderent,
482 1364 513 1410 nt
526 1359 710 1410 multitudine
721 1362 805 1427 atque
818 1373 904 1411 onere
916 1373 985 1408 non·

176 1429 247 1480 nulli
259 1429 499 1496 deprimerentur,
521 1429 621 1498 reliqui
634 1426 687 1480 hoe
698 1430 801 1480 timore
813 1430 927 1496 propius
938 1428 983 1478 ad-

176 1501 220 1552 ire
231 1499 421 1550 tardarentur.
977 1526 979 1538 ι

229 1569 328 1622 ΧΙιΝ.
347 1569 455 1630 Quibus
466 1571 551 1623 rebus
562 1569 674 1632 accidit,
685 1573 716 1619 ut
727 1569 807 1637 pauci
820 1569 926 1620 milites
938 1581 983 1634 pa·

177 1645 291 1706 tresque
314 1637 452 1703 familiae,
475 1641 522 1706 qui
539 1647 588 1691 ant
607 1641 707 1706 gratia,
728 1646 776 1690 ant
791 1637 984 1693 misericordia

177 1707 313 1770 valerent,
326 1716 376 1759 aut
386 1723 470 1759 naves
482 1709 586 1760 adnare
598 1713 721 1774 possent,
742 1709 857 1775 recepti,
865 1703 868 1708 '
877 1710 905 1757 in
917 1707 985 1758 sici·

175 1776 242 1825 liam
253 1777 407 1828 incolumes
419 1777 612 1844 peruenirent:
631 1778 755 1843 reliquae
767 1779 874 1842 copiae,
888 1777 982 1826 missis

176 1844 211 1894 ad
224 1844 327 1896 Varum
345 1845 428 1896 nbctu
449 1846 606 1912 legatorum
629 1860 746 1896 numero
762 1844 981 1904 centurionibus,

175 1928 238 1964 sese
251 1915 275 1962 ci
287 1913 467 1965 dediderunt:
486 1929 604 1980 quorum
616 1914 747 1966 cobortes
759 1915 878 1964 militurn
889 1916 981 1978 poste-

174 1997 207 2034 ro
224 1982 269 2034 die
290 1987 355 2034 ante
372 1984 503 2051 oppidum
520 1984 588 2036 Iuba
607 1984 797 2050 conspicatus,
819 1997 897 2034 suam
920 1997 981 2034 esse

175 2051 339 2120 praedicans
351 2053 493 2122 praedam,
510 2061 756 2122 magnam-partem
770 2069 865 2106 eornm
876 2050 981 2102 interli-

176 2123 200 2175 ci
213 2123 317 2185 iussit,
327 2137 432 2189 paucos
449 2124 552 2176 electos
563 2126 592 2176 in
604 2140 722 2193 regnum
734 2123 853 2176 remisit.
891 2123 980 2185 Quum

175 2192 268 2246 Varus
280 2208 358 2244 suam
370 2191 453 2246 sidem
466 2195 500 2246 ab
513 2210 545 2247 eo
557 2196 633 2248 laedi
645 2200 820 2263 quereretur,
841 2205 930 2260 neque
940 2205 980 2242 re·

175 2262 279 2314 sistere
292 2262 420 2316 auderet:
440 2267 500 2332 ipse
513 2280 584 2333 equo
601 2267 628 2315 in
641 2265 774 2332 oppidum
786 2269 883 2314 vectus
891 2299 899 2325 ,
920 2274 980 2328 pro·

175 2333 357 2400 sequentibus
368 2335 557 2402 compluribus
569 2336 758 2397 senatoribus,
781 2333 876 2401 quoin
888 2344 980 2382 nume·

175 2417 208 2452 ro
220 2408 283 2453 erat
295 2402 354 2454 Ser.
365 2403 504 2471 Sulpicius
517 2412 545 2456 et
556 2405 681 2457 Licinius
692 2404 895 2470 Damasippus,
914 2415 977 2468 pau-

175 2472 215 2522 cis
228 2471 343 2535 diebus,
364 2488 435 2539 quae
446 2476 508 2527 lieri
519 2476 605 2527 vellet
613 2475 718 2537 Uticae,
738 2473 886 2525 constituit
897 2477 977 2540 atque

173 2541 333 2606 imperarit:
353 2543 451 2596 dicbus
473 2559 560 2612 aeque
580 2550 645 2613 post
665 2545 759 2613 paucis
771 2560 801 2597 se
815 2544 845 2598 in
861 2555 976 2612 regnum

173 2623 236 2661 cum
248 2613 375 2667 omnibus
386 2615 475 2684 copiis
485 2617 600 2684 recepit
