2152 3144
184 146 235 198 380
371 137 400 194 A'.
421 141 564 204 lllllTll
583 140 639 193 DE
659 137 801 192 BELLO

184 257 245 300 tum
257 248 401 314 operibus,
431 239 463 298 ¹et
478 245 640 298 ardentibus
655 244 755 295 studiis
772 243 904 294 militumr
938 259 998 295 nen

186 317 329 386 divulgata
345 317 474 369 Caesaris
491 314 615 374 hortatio
634 315 765 382 subsequi
780 315 920 382 legionum
939 325 997 366 aut

185 388 325 450 laborem,
346 391 396 437 aut
405 386 546 454 pugnandi
557 391 668 452 poterat
679 385 872 450 cupiditatem:
893 387 924 434 ut
935 399 998 434 nra-

185 459 229 526 gis
241 455 402 508 deterrendi
414 462 442 508 et
454 456 615 508 continendi
627 454 997 520 opericulosissimisesscnt

186 527 421 589 dimicationibus,
441 541 522 593 quam
534 526 668 576 incitandi
679 524 714 574 ad
727 523 914 592 pugnandum.

238 597 339 649 XXlll.
357 595 552 659 Alexandrini,
574 611 658 663 quum
669 595 811 646 Romanos
822 599 851 644 et
862 592 996 644 secundis

150 676 155 685 '
185 666 270 718 rebus
282 663 453 727 confirmari,
464 671 493 716 ct
505 665 628 717 adversis
639 666 748 716 incitari
755 663 889 724 viderent,
902 677 996 730 neque

185 736 276 787 ullum
287 736 354 788 belli
364 737 478 787 tertium
490 751 584 786 casum
594 739 719 797 nossent,
737 748 792 800 quo
803 737 919 799 possent
929 747 995 784 esse

187 805 337 868 firmiores,
354 810 385 856 ut
395 807 555 856 coniectura
567 806 698 870 consequi
711 817 864 870 possumus,
886 807 935 852 aut
947 801 995 852 ad·

188 875 290 926 moniti
301 875 402 941 arogis
414 875 525 937 amicis,
556 875 601 941 qui
616 876 644 924 in
656 875 784 925 Caesaris
796 877 878 923 erant
888 873 993 938 praesi-

189 943 256 1006 diis,
287 939 337 993 a'ut
347 959 399 994 suo
411 945 504 1010 priore
515 944 646 1007 consilio,
679 958 730 1011 per
741 941 866 994 occultos
876 944 995 992 nuncios

188 1014 250 1080 regi
262 1013 382 1079 probato
389 1049 398 1076 ,
417 1013 529 1082 legatos
540 1013 575 1065 ad
587 1015 733 1065 Caesarem
744 1014 894 1075 miserunt,
913 1019 946 1062 at
956 1010 997 1063 di·

188 1080 309 1134 mitteret
319 1098 410 1150 regem
420 1081 589 1151 transireque
605 1083 642 1134 ad
654 1081 886 1150 suospateretur:
910 1095 997 1148 para·

190 1161 247 1204 tam
258 1150 328 1204 enim
339 1167 440 1204 omnem
450 1151 651 1222 multitudinem
661 1168 724 1216 esse,
741 1151 893 1224 consectam
904 1149 997 1210 taedio

188 1223 310 1290 paellae,
331 1220 589 1292 fiduciarioregno,
615 1222 796 1275 doruinatiene
811 1218 997 1272 crudelissima

194 1291 365 1360 Ganymedis,
375 1293 472 1364 facere
480 1291 517 1354 id,
531 1293 601 1360 quod
610 1307 660 1345 rex
669 1291 841 1360 imperasset:
852 1306 903 1358 quo
914 1289 938 1340 ss'
948 1307 998 1342 au·

190 1370 264 1414 ctare
284 1361 314 1416 in
329 1359 455 1414 Caesaris
463 1361 548 1433 fidem
562 1357 763 1430 amicitiamque
777 1359 885 1412 venturi
899 1369 997 1422 essent,

189 1430 291 1484 nullius
299 1431 417 1500 periculi
428 1431 725 1485 timoremmultitudiui
730 1429 996 1504 fareimpedimento,

192 1501 341 1572 queramus
352 1518 380 1554 se
391 1503 525 1556 dederent.

244 1573 346 1625 XXlV.
366 1573 482 1636 Caesar,
504 1574 555 1623 etsi
568 1571 694 1624 fallacem
707 1575 820 1638 gentem
830 1583 997 1635 semperque

191 1640 248 1692 alia
260 1643 445 1709 cogitantem,
477 1643 533 1694 alia
548 1642 741 1703 simulantem,
773 1641 844 1692 bene
856 1639 997 1705 cognitam

191 1708 327 1775 habebat;
353 1716 449 1763 tamen
460 1713 619 1779 petentibus
632 1710 699 1772 dare
711 1710 833 1770 reniam,
854 1709 924 1760 utile
935 1723 998 1759 esse

193 1781 305 1830 statuit:
323 1781 407 1846 quod,
424 1782 446 1830 si
459 1795 513 1848 quc
524 1788 604 1848 pacto
617 1780 755 1831 sentirent
765 1793 808 1840 ea,
819 1792 890 1846 quae
903 1782 997 1843 postu·

189 1847 293 1910 larent,
309 1862 471 1900 mansurum
482 1851 511 1900 in
523 1847 578 1902 fide
590 1849 733 1912 dimissum
743 1861 838 1914 regem
850 1846 998 1911 credeban

192 1918 244 1980 sin,
260 1917 290 1968 id
302 1917 376 1985 quod
387 1921 475 1984 magis
487 1918 600 1970 illorum
611 1922 728 1969 naturae
737 1916 930 1980 conveniebat,
947 1917 998 1968 du·

192 2002 253 2038 aem
275 1987 310 2038 ad
336 1986 440 2038 bellum
467 1988 619 2056 gerendum
640 2002 735 2054 regem
757 1985 860 2048 hahere
881 1985 997 2050 vellent,

192 2056 364 2124 splendidius
377 2062 460 2127 atque
472 2057 613 2110 horrcstius
625 2063 900 2125 sesecontrarcgem,
912 2072 996 2124 quam

193 2129 291 2180 contra
302 2142 486 2180 convenarum
498 2144 530 2180 ac
545 2128 725 2198 fugitivorum
736 2142 861 2191 manum,
892 2125 997 2196 iicllu'm¹

194 2213 256 2249 esse
267 2204 419 2266 gesturum.
456 2199 552 2268 ltaque
563 2214 659 2268 regem
669 2197 843 2261 cohortatus,
862 2204 894 2248 ut
904 2213 997 2254 conssr-

192 2268 262 2319 ieret
270 2283 353 2338 regno
360 2277 484 2336 paterno,
502 2263 627 2338 parceret
633 2261 870 2336 praeclarissimae
879 2265 997 2334 patriae,

193 2352 261 2406 quae
272 2337 397 2408 turpibus
408 2338 538 2392 incendiis
549 2349 577 2392 et
583 2338 671 2392 ruinis
678 2347 746 2391 esset
754 2336 915 2409 deformata,
926 2335 997 2387 cinei

102 2405 107 2412 '
192 2421 254 2458 suos
260 2409 379 2475 primum
390 2409 427 2461 ad
434 2407 578 2462 uastitatem
589 2418 736 2472 reuocaret,
754 2407 847 2476 deinde
857 2421 997 2458 conserant

192 2484 249 2538 ret,
269 2476 354 2546 fldem
361 2482 462 2560 populo
473 2478 595 2533 Romano
605 2478 707 2544 sibique
714 2485 873 2546 praestaret
879 2493 891 2537 ,·
917 2491 996 2543 quum

192 2543 250 2610 ipse
260 2554 368 2598 tantum
378 2565 403 2598 es
413 2549 541 2612 crederet,
552 2558 584 2602 ut
591 2549 629 2601 ad
637 2548 725 2600 lrostes
736 2555 857 2600 armatos
867 2562 925 2598 eum
935 2543 996 2596 mit·

192 2620 280 2684 teret5
296 2614 395 2666 dextra
405 2618 533 2670 dextram
545 2626 651 2682 tenens,
667 2618 807 2670 dimittere
818 2617 909 2683 coepit
919 2614 999 2681 adul-¹

193 2684 221 2728 ta
231 2683 287 2732 iam
299 2688 392 2736 aetate
401 2701 527 2752 puerum.
555 2689 592 2740 nt
603 2691 697 2756 regius
708 2690 826 2740 animia.
839 2685 994 2753 disciplinis
