2152 3132
225 207 279 265 ns
409 207 466 262 on
486 207 628 261 senno
651 172 849 262 osnuseo»

224 315 306 368 sione
316 319 455 378 versutus,
466 313 501 364 ud
514 312 807 379 Cessurempervenit.
841 312 882 366 Ab
894 327 928 366 eo
940 311 978 367 ds
990 329 1037 382 pe·

222 385 320 439 riculis
332 385 473 437 Ciceronis
485 383 659 451 legionisque
671 384 855 450 cognoscitur.

284 453 384 508 XLVl.
407 455 520 516 Caesar,
532 454 653 518 acceptis
664 451 766 504 litteris
777 450 848 504 bora
858 453 972 506 circiter
983 467 1036 504 un·

223 525 333 578 decime
354 524 419 587 diei,
440 525 535 574 stetim
556 522 686 573 nuncium
707 523 737 572 in
749 523 915 575 Bellouacos
936 522 972 574 ed
990 523 1033 575 Μ.

224 597 355 647 crassum
370 599 550 662 quaestorem
567 593 666 654 mittit,
688 593 766 644 euius
782 590 899 644 biberne
909 593 1033 644 aberent

222 666 258 716 eb
271 679 305 717 eo
317 665 396 716 mille
407 677 540 731 passuum
550 662 638 715 XXV.
654 662 736 714 lubet
747 662 840 714 medie
849 671 930 714 nocte
942 661 1032 728 legio·

222 749 287 786 uem
299 733 446 802 proficisci,
457 733 643 800 celeriterque
655 731 691 783 ed
701 747 732 783 se
742 733 847 784 venire.
879 733 955 784 Exiit
966 745 1031 782 curn

222 808 327 856 nuncio
349 807 473 856 Crassus.
508 803 635 854 Alterum
657 801 693 852 ed
715 799 744 852 C.
762 801 882 856 ¹Fabium
904 801 1032 868 legatum

223 875 322 938 mittit,
331 880 364 924 ut
374 876 403 923 in
415 873 589 924 Atrebatium
601 873 671 923 lines
682 870 822 938 legionem
834 871 964 934 adducet,
976 885 1035 938 qus

223 945 277 996 sibi
287 945 343 994 iter
353 942 512 994 faciundum
523 943 638 994 sciebat.
674 938 778 991 Scribit
787 940 929 1004 Labieno,
945 940 1034 995 sirei·

223 1012 352 1080 publicae
373 1011 519 1062 commodo
541 1011 634 1062 lacere
656 1015 763 1076 posset,
785 1025 849 1060 curn
864 1010 979 1078 legione
995 1009 1033 1062 sd

223 1081 297 1133 lines
307 1080 475 1134 Nerviorum
482 1083 592 1149 ueniat:
612 1075 870 1148 reliquampartem
882 1080 1035 1143 exercitus,

223 1150 299 1218 quod
319 1151 414 1219 paullo
430 1151 529 1202 eberat
548 1149 670 1216 longius,
691 1155 748 1201 u'on
769 1153 850 1216 putet
870 1156 1036 1216 exspecten-

223 1221 302 1285 dem;
324 1222 433 1289 equites
445 1221 555 1273 circiter
566 1219 787 1288 quadringentos
798 1233 834 1270 ex
844 1219 980 1287 proximis
990 1217 1035 1270 bi-

223 1291 318 1344 bernis
328 1294 413 1360 cogit.
435 1331 437 1336 .

283 1361 397 1414 XLVll.
418 1361 499 1413 llere
518 1360 631 1412 circiter
651 1359 738 1411 tertis
753 1359 788 1411 eb
803 1359 1035 1416 antecursoribus

223 1431 259 1484 de
271 1433 364 1484 cressi
379 1432 503 1484 adventu
524 1432 629 1483 certior
651 1429 758 1493 faetus,
779 1444 814 1481 eo
826 1429 871 1481 die
883 1431 959 1482 milis
969 1443 1035 1496 pes-

223 1517 305 1554 suum
325 1501 423 1571 viginti
443 1501 630 1570 progreditur.
667 1500 797 1551 Crassum
819 1498 1035 1552 Samarobrivae

223 1572 363 1640 praeficit,
374 1573 569 1640 legionemque
581 1573 607 1622 ei
619 1569 767 1632 adtribuit,
783 1559 858 1638 quod
870 1570 907 1621 ibi
917 1568 1035 1635 impedi·

224 1648 321 1693 serente
333 1643 481 1704 exereitus,
493 1640 604 1692 obsides
615 1641 769 1703 ciuitatum,
786 1640 897 1706 litteras
907 1639 1034 1707 publices

224 1710 454 1779 frumentumque
477 1725 568 1773 omne,
591 1711 666 1784 quod
686 1724 721 1760 eo
742 1701 908 1761 tolerandae
928 1707 1034 1760 biensis

224 1779 494 1843 eausssdevexeret‚
516 1780 700 1847 relinquebat
737 1779 849 1843 Fabius,
870 1786 902 1831 ut
912 1781 1035 1845 impera-

225 1855 374 1912 tumeret,
396 1864 453 1902 non
464 1851 506 1901 ite
516 1849 637 1900 multum
648 1856 786 1913 moratus,
807 1851 837 1901 in
853 1849 955 1901 itinere
965 1861 1033 1904 oum

223 1918 337 1972 lesione
350 1921 480 1971 occurrit.
501 1919 653 1984 Labienus,
664 1921 783 1986 interitu
794 1919 894 1972 Sabini
902 1923 932 1972 et
941 1915 1032 1988 'coede

225 1957 383 2040 cobortium
394 1989 516 2057 cognita,
527 1989 612 2057 quum
624 1983 766 2042 omnes'ad
779 1989 1033 2042 eumTrerirorum

225 2059 322 2126 copiae
333 2059 484 2123 venissent,
500 2059 615 2122 veritus,
627 2075 672 2123 ne,
684 2060 707 2110 si
719 2073 753 2111 ex
765 2058 888 2112 bibernis
899 2059 981 2127 fugae
993 2057 1033 2106 si-

224 2129 320 2182 milem
330 2127 533 2196 profectionem
545 2129 672 2192 fecisset,
693 2127 816 2181 hostium
827 2131 961 2196 impetum
972 2142 1034 2178 sus·

224 2198 318 2251 tinere
334 2214 390 2250 non
406 2204 514 2266 posset,
534 2199 701 2265 praesertim
713 2213 783 2267 quos
794 2199 901 2251 recenti
912 2199 1034 2252 victoria

226 2268 322 2324 efferri
332 2270 430 2332 sciret,
448 2269 559 2321 litteras
571 2268 684 2321 Caesari
695 2270 829 2332 remittit,
850 2275 955 2337 quunto
966 2283 1032 2321 cum

223 2338 349 2406 periculo
360 2338 500 2408 legionem
513 2353 548 2391 ex
559 2336 683 2390 bibernis
699 2338 850 2390 educturus
861 2345 949 2391 esset:
968 2352 1033 2391 rem

224 2414 332 2474 gestum
342 2410 371 2460 in
380 2409 559 2463 Eburonibus
570 2409 728 2475 perscribit:
741 2407 833 2472 docet,
845 2423 943 2463 omnes
955 2408 1033 2476 equi-

223 2484 302 2530 tutus
313 2478 512 2548 peditatusque
523 2481 616 2545 copias
624 2479 805 2530 Treuirorum
815 2479 874 2531 tris
883 2479 959 2531 milis
969 2493 1033 2546 pus·

223 2563 303 2600 suurn
316 2548 400 2617 longe
411 2550 446 2601 eb
458 2551 517 2602 suis
529 2548 629 2600 eastris
641 2548 812 2602 consedisse.

283 2617 409 2674 xbvru.
427 2619 541 2681 Caesar,
552 2618 670 2671 consilio
682 2619 743 2670 eius
755 2619 883 2688 probato,
895 2621 959 2684 etsi,
971 2621 1033 2688 opi-

223 2685 308 2739 nione
319 2688 403 2738 trium
415 2687 558 2756 legionum
570 2688 705 2753 deiectus,
717 2690 752 2742 sd
764 2689 834 2742 duas
843 2688 975 2753 redierat,
986 2697 1033 2746 tu.
1061 2727 1062 2739 ,

207 2769 287 2808 -men
304 2769 390 2807 unum
406 2759 560 2810 communis
576 2758 676 2812 selutis
692 2761 826 2813 auxilium
837 2761 865 2811 in
877 2757 1029 2817 celeritate
