2150 3124
187 189 224 260 uo
327 175 329 182 ’
379 187 438 244 uu
455 187 599 256 usaue
620 188 808 250 unbmco

186 291 252 362 pide
265 293 443 361 recipiebant.
477 294 518 348 lbi
528 309 558 348 aa
567 308 665 346 rursus
676 295 773 348 iisdem
784 300 1003 363 opportunitatb

186 365 238 418 bus
249 363 303 416 loci
313 363 506 416 defendebant.
544 363 624 416 llaec
634 379 668 418 eo
679 364 787 416 facilius
797 381 926 433 magnam
937 381 1003 432 par·

186 440 243 486 tem
255 435 370 486 aestatis
380 433 519 486 faciebant
524 433 618 502 ,quod
628 440 744 500 nostrae
754 450 838 487 nares
847 441 1002 502 tempesta·

186 505 260 563 tibus
275 503 470 557 detinebantur
485 518 646 571 summaque
661 510 723 556 erat
736 510 853 556 vasto-at
873 520 907 558 ue
917 519 1003 570 aper·-

184 580 216 628 to
227 577 313 638 anari,
328 574 434 642 niagms
444 572 582 638 aestibus,
592 576 663 626 caria
674 587 707 626 ac
718 589 804 641 prope
815 521 899 628 nullis
910 575 1001 642 porti·

185 645 251 706 bus,
262 643 411 696 difficultas
421 641 578 712 navigandi

238 714 312 767 Xlll.
349 712 475 781 Namque
496 716 618 780 ipsorum
637 727 722 764 neves
741 713 778 766 ad
798 713 871 767 hunc
883 713 1001 768 modum

186 783 281 836 factae
304 788 484 850 armataeque
507 788 598 838 erant.
634 781 753 838 Carinae
776 784 919 853 aliquanto
939 783 1001 851 pla-

186 857 295 915 niores,
315 866 397 920 quam
412 857 573 904 nostrarum
588 853 715 916 navium,
734 868 788 922 quo
801 853 911 907 facilius
926 853 1002 906 vada

187 939 220 978 ac
235 923 378 974 decessum
394 926 488 974 aestus
504 923 634 987 excipere
645 928 770 987 possent:
790 938 892 990 prorae
904 923 1002 976 admo·

186 993 253 1046 dum
273 996 383 1042 erectae
404 996 487 1058 atque
501 992 569 1042 item
584 1004 705 1057 puppes,
726 992 762 1044 ad
777 993 999 1059 magiritudinem

185 1059 320 1114 fluctuum
332 1064 590 1127 tempestatumque
598 1060 840 1116 adcommodatae:
860 1076 945 1112 naves
956 1067 999 1112 to·

185 1136 232 1185 tae
243 1129 334 1182 factae
345 1143 381 1182 ex
391 1129 505 1190 robore,
515 1129 552 1180 ad
561 1130 685 1197 quamvis
695 1132 750 1184 rim
761 1135 790 1182 et
800 1129 998 1182 contumeliam

185 1198 394 1268 perferendam:
414 1203 539 1250 transtra
553 1197 698 1266 pedalibus
713 1201 743 1252 in
753 1197 929 1253 latitudinem
941 1204 1000 1252 tra·

186 1270 267 1324 bibus
282 1269 393 1322 confixa
401 1267 486 1320 clavis
496 1266 609 1330 ferreis,
629 1267 710 1335 digiti
719 1267 828 1336 pollicis
837 1269 998 1321 crassitudi-

185 1355 234 1394 ne:
254 1352 389 1400 ancorae,
407 1353 456 1404 pro
472 1334 599 1404 funibus,-
618 1336 716 1390 ferreis
730 1340 999 1393 catenisretinctaea

185 1409 275 1480 pelles
291 1423 341 1476 pro
358 1407 441 1471 velis,
462 1406 612 1477 alutaeque
626 1409 748 1462 tenuiter
759 1409 919 1472 confectae,
937 1412 997 1464 sire

184 1484 301 1550 propter
311 1477 362 1530 lini
371 1479 495 1546 inopiam
503 1483 588 1546 atque
599 1478 658 1530 eius
667 1495 733 1531 usus
740 1480 929 1542 inscientiam,
939 1480 997 1532 sive

186 1566 233 1614 eo,
249 1547 323 1617 quod
335 1553 378 1602 est
386 1549 474 1616 magis
484 1547 645 1611 verisimile,
661 1549 735 1619 quod
745 1555 839 1602 tantas
849 1553 996 1616 tempesta-

185 1629 230 1674 tes
249 1619 355 1671 Oceani
379 1624 529 1688 tantosque
550 1619 670 1685 impetus
689 1625 836 1672 ventorum
856 1621 996 1682 sorbueri,

186 1704 220 1744 ac
233 1694 314 1740 tanta
328 1703 415 1740 onera
426 1689 536 1739 navium
546 1689 606 1755 regi
618 1689 685 1740 velis
696 1704 751 1740 non
761 1690 830 1741 satis
840 1686 994 1752 omnmode,
1049 1697 1051 1700 ·

185 1757 403 1810 arbitrabantur.
440 1757 510 1808 Cum
524 1754 567 1806 hia
581 1759 696 1810 naribus
712 1765 824 1812 nostrae
834 1757 916 1810 classi
926 1759 994 1810 eius·

183 1826 261 1881 modi
282 1841 447 1895 congressus
462 1830 536 1896 erat,
555 1832 588 1879 ut
601 1843 657 1880 una
667 1827 810 1880 celeritate
820 1827 993 1896 etpulanre·

183 1911 295 1948 morum
311 1895 480 1963 praestaret,
499 1896 621 1965 relique,
640 1913 692 1964 pro
707 1898 760 1950 loci
775 1903 887 1960 natura,
907 1898 992 1964 provi
1019 1909 1024 1915 ·

184 1965 556 2032 tempestatum,illieessent
566 1964 677 2034 aptiora
686 1972 716 2020 et
725 1967 992 2021 adcommodatiores

185 2051 276 2104 neque
288 2036 362 2087 enim
372 2034 415 2087 bis
426 2040 540 2089 nostrae
549 2043 641 2088 rostro
651 2053 754 2090 nocere
763 2042 892 2104 poterant
898 2054 906 2100 ;
915 2043 993 2090 tanta

185 2107 214 2158 in
233 2107 274 2160 eis
289 2111 352 2158 erat
365 2103 521 2156 firmitudo:
542 2121 632 2175 neque
645 2113 761 2176 propter·
770 2107 945 2160 altitudinem
955 2107 994 2160 fa·

186 2176 240 2238 cile
258 2176 346 2228 telum
366 2174 549 2228 adiiciebatur
569 2182 598 2230 et
617 2175 715 2229 eadem
733 2176 768 2230 de
787 2192 886 2230 caussa
905 2177 993 2230 minus

186 2245 331 2310 commode
350 2245 472 2313 scopulis
492 2246 716 2309 continebantur.
759 2246 928 2312 Accedebat,
954 2253 993 2310 ut,

188 2332 272 2387 quum
288 2317 393 2368 saevire
407 2320 507 2368 ventus
522 2317 660 2384 coepisset
668 2322 698 2370 et
707 2331 738 2369 se
749 2317 834 2370 rento
845 2316 994 2382 dedissent,

187 2393 217 2440 et
232 2391 427 2452 tempestatem
438 2384 546 2438 ferrent
555 2385 677 2449 facilius,
697 2391 726 2439 et
735 2387 765 2437 in
775 2385 853 2439 vadis
863 2388 993 2442 consiste·

186 2463 252 2510 rent
261 2457 361 2519 tutius,
372 2462 414 2520 et,
425 2455 459 2508 ab
471 2462 551 2508 aestu
561 2456 726 2519 derelictae,
735 2453 806 2508 nibil
815 2470 884 2523 saxo
894 2463 923 2508 et
931 2472 991 2508 cau·

186 2531 231 2580 tes
241 2526 385 2578 timerent:
401 2541 518 2595 quarum
529 2541 623 2578 rerum
633 2528 754 2579 omnium
766 2527 870 2578 nostris
880 2526 991 2578 naribus

187 2609 268 2650 casus
279 2601 360 2647 erant
369 2596 576 2648 extimescendi.

238 2661 314 2715 XlV.
351 2665 542 2733 compluribus
559 2667 722 2732 expugnatis
738 2665 858 2736 oppidis,
884 2665 990 2730 Caesar,

188 2732 234 2814 ubi
248 2732 401 2801 intellexit,
420 2733 525 2822 burae
539 2741 648 2790 mutum
661 2735 785 2794 laborem
799 2738 885 2802 sumi,
903 2751 989 2808 nequa
