2152 3132
398 185 600 245 Lrauav.
852 197 901 252 lla

96 293 141 338 ior
163 301 226 353 pars
243 291 360 355 agminis
376 293 404 341 in
420 307 547 362 magnam
565 297 720 350 convallem
735 287 902 366 demisisset,

97 372 130 408 ex
149 362 267 424 utraque
284 366 363 424 parte
379 362 437 411 eius
454 365 536 414 vallis
553 367 643 417 sribito
666 381 696 418 se
712 370 903 432 ostenderunt,

96 428 317 494 novissimosque
337 445 463 496 premere
475 440 530 500 etp
549 437 617 486 imos
630 437 777 502 probibere
790 439 902 490 adscen-

95 511 128 546 su
141 501 227 564 atque
242 499 414 565 iniquissimo
430 507 533 555 nostris
550 505 612 556 loco
629 507 766 574 proelium
779 511 904 559 commit·

95 571 158 617 tere
170 574 331 632 coeperunt.

149 635 277 687 XXXlll.
297 639 368 690 Tum
381 639 491 694 demum
503 645 640 708 Titurius,
657 651 690 696 ut
701 648 748 714 qui
759 645 829 697 nibil
840 654 905 700 ante

98 707 281 771 providisset,
316 710 469 775 trepidare,
507 729 689 779 concursare,
722 716 905 784 cohortesque

98 775 260 840 disponere3
273 775 341 829 haee
353 785 445 831 tamen
458 783 519 848 ipsa
529 784 625 836 timide
637 791 720 853 atque
731 793 763 836 ut
773 803 836 839 eum
850 801 907 844 om·

96 845 147 894 nia
159 843 279 897 deficere
291 848 464 900 riderentur:
477 853 551 919 quod
564 854 769 923 plerumqueiia
778 857 905 909 accidere

92 917 256 978 *censuerim
289 920 374 984 quiin
387 921 447 986 ipso
465 925 577 990 negotio
591 926 737 976 eonsilium
749 942 850 994 capere
863 942 907 977 co-

96 989 213 1052 guntur.
248 987 284 1035 At
295 987 385 1050 Cotta,
408 992 454 1058 qui
467 996 628 1060 cogitasset,
651 995 719 1046 haee
730 999 811 1062 posse
823 998 851 1046 in
863 998 907 1048 iti-

97 1069 167 1104 nere
180 1054 320 1120 arridere,
353 1065 436 1126 atque
448 1063 482 1112 ob
500 1079 561 1114 eam
581 1081 705 1116 caussam
723 1067 906 1132 profectionis

98 1127 200 1174 auctor
211 1139 266 1175 non
279 1125 390 1189 fuisset,
423 1132 500 1182 nulla
511 1135 539 1183 in
553 1149 582 1185 re
595 1138 732 1186 communi
746 1137 829 1187 saluti
844 1137 906 1188 dee·

98 1198 160 1250 rat.
193 1198 221 1242 et
232 1195 260 1245 in
272 1196 445 1263 adpellandis
463 1201 694 1272 cohortandisque
711 1206 845 1256 militibus
857 1209 906 1255 im-

98 1263 254 1328 peratoris,
292 1273 320 1316 et
341 1269 370 1318 in
393 1284 485 1336 pugna
507 1273 603 1323 militis
625 1275 716 1325 officia
738 1275 907 1340 praestabat.

99 1333 249 1399 Quumque
262 1343 376 1402 propter
386 1338 587 1408 longitudinem
600 1345 717 1409 agminis
729 1346 819 1394 minus
826 1342 908 1395 facile

98 1415 153 1468 per
164 1417 194 1453 se
206 1405 298 1455 omnia
311 1408 387 1459 obire
399 1414 440 1473 et,
473 1412 538 1479 quid
550 1427 660 1481 quoque
675 1413 737 1463 loco
750 1412 907 1463 faciendum

101 1477 186 1533 esset,
209 1474 489 1543 providerepossent3
511 1484 652 1533 iusserunt
663 1485 856 1548 pronunciare,
877 1487 924 1532 ut‘

99 1541 299 1619 impedimenta
315 1547 505 1616 relinquerent
521 1557 604 1618 atque
620 1553 646 1602 ln
665 1542 759 1602 orbem
777 1554 910 1603 consiste·

100 1617 175 1661 rent.
211 1613 292 1674 Quod
308 1618 450 1668 eonsilium
469 1622 521 1670 etsi
538 1622 566 1671 in
583 1621 719 1672 eiusmodi
736 1637 800 1672 casu
817 1637 909 1688 repre·

100 1677 279 1733 hendendum
292 1699 346 1736 non
359 1693 409 1750 est,
424 1694 517 1741 tamen
530 1691 704 1744 incommode
716 1691 827 1742 accidit:
844 1705 908 1742 nam

101 1754 133 1802 et
145 1753 247 1802 nostris
259 1755 392 1808 militibus
403 1773 479 1824 spem
491 1761 597 1824 minuit,
610 1767 638 1813 et
645 1760 738 1812 hostes
745 1761 780 1812 ad
788 1777 907 1830 pugnam

101 1818 254 1873 alacriores
270 1823 373 1888 effecit,
406 1828 480 1894 quod
497 1845 551 1880 non
568 1834 627 1883 sine
643 1846 750 1883 summo
767 1834 866 1884 timore
880 1839 908 1884 et

102 1887 299 1956 desperatione
312 1894 339 1945 id
352 1895 455 1948 lactum
467 1900 621 1952 videbatur.
641 1901 908 1964 Praetereaaccidit,

102 1959 179 2026 quod
195 1962 256 2012 lieri
273 1979 384 2018 necesse
407 1976 478 2032 erat,
501 1976 532 2020 ut
548 1971 632 2038 vulgo
655 1972 758 2024 milltes
773 1974 808 2023 ab
821 1973 908 2040 signis

102 2027 291 2096 discederent,
304 2050 375 2102 quae
393 2040 509 2106 quisque
521 2056 615 2092 eorum
628 2043 771 2108 carissima
783 2040 909 2105 haberet,

101 2096 137 2148 ab
153 2100 357 2166 impedimentis
372 2115 467 2173 petere
483 2114 566 2178 atque
589 2111 717 2170 abripere
733 2116 907 2177 properaret,

102 2167 224 2221 elamore
236 2187 268 2223 ac
279 2171 345 2225 lletu
359 2179 451 2228 omnia
462 2180 678 2246 complerentur.

155 2237 282 2294 xxxiv.
301 2245 337 2294 nt
347 2247 470 2298 barbaris
483 2249 628 2300 consilium
640 2248 809 2318 nonydefuit:
842 2263 907 2299 nam

100 2305 185 2360 duces
198 2325 293 2364 eorum
306 2319 366 2365 tota
377 2319 436 2368 acie
448 2321 632 2384 pronunciare
644 2323 791 2381 iusserunt,
803 2335 836 2370 ne
848 2320 908 2384 quia

100 2377 134 2428 ab
146 2379 203 2429 loco
215 2379 375 2437 discederet:
403 2385 512 2438 illorum
524 2404 577 2438 ease
584 2388 730 2454 praedam,
763 2397 841 2456 etque
851 2387 907 2440 illia

103 2449 248 2514 reservari,
271 2469 447 2524 quaecumque
459 2455 576 2512 Borcani
586 2457 769 2524 reliquissent:
792 2456 908 2526 proinde

103 2517 194 2570 anania
205 2517 234 2572 in
250 2522 367 2576 victoria
376 2526 467 2594 potita
484 2526 679 2580 existinmrent.
716 2529 805 2580 Erant
816 2532 844 2580 et
855 2527 908 2578 rir-

102 2591 163 2638 tute
176 2600 204 2642 et
215 2608 331 2646 numero
344 2597 492 2662 pugnando
504 2612 597 2663 pares:
610 2597 699 2648 nostri
710 2602 803 2650 tamen
816 2599 866 2650 etsi
874 2597 908 2650 ab

104 2655 174 2709 doce
186 2669 215 2712 et
226 2677 241 2713 a
254 2663 367 2724 fortuna
378 2666 588 2720 deserebantur:
605 2673 699 2720 tamen
711 2683 818 2719 omnem
831 2681 908 2732 spem

104 2731 203 2784 salutis
214 2733 241 2786 in
254 2735 357 2790 virtute
372 2735 509 2805 ponebant
526 2743 568 2803 et,
600 2741 708 2809 quoties
726 2752 850 2808 quaeque
864 2749 908 2788 eo
