2134 3148
200 183 253 235 452
306 248 308 255 Ι
383 183 818 238 ,allltt't'llllasssslslso

200 293 303 346 rastra,
325 301 395 353 quae
412 292 493 337 erant
505 289 530 336 io
544 301 641 354 rampo
657 289 782 354 proxime
802 289 892 338 locruu
904 285 1007 340 Uzitae
1053 321 1055 329 ι

200 358 298 408 locata.
393 369 395 373 ’
564 373 567 378 ·
683 380 686 390 v

253 425 339 478 hall.
358 425 439 488 Quod
460 431 604 492 postquam
626 425 731 493 Scipio,
757 428 860 494 quique
884 441 948 476 cum
971 441 1005 477 ee

201 503 291 558 erarrt,
308 504 509 562 cognorerunt,
534 509 617 562 qnmn
635 498 765 547 commoti
780 511 815 548 ex
832 495 884 546 tali
901 495 1007 545 incom-

200 566 284 618 modo
295 571 402 626 essent,
422 563 482 616 iere
500 566 588 630 perid
605 571 714 634 tempus
731 565 769 616 Μι
780 566 928 632 Aquinium
941 579 1004 615 curn

201 637 230 686 C.
241 635 362 688 Saserna
373 633 576 700 colloquentem
588 635 728 686 viderunt.
764 633 857 701 Scipio
870 635 959 684 mittit
969 633 1005 684 ad

201 707 361 774 Aquinium,
379 702 448 756 niltil
462 703 595 766 adtinere,
613 721 671 755 eum
680 721 739 756 carm
749 702 915 758 aduersariis
925 704 1005 754 coilo·

200 776 254 842 qui.
291 776 381 837 Quum
394 773 480 824 nihilo
493 775 583 825 minas
600 775 660 825 eius
672 787 826 826 sermonem
839 774 957 824 nuncius
969 773 1005 822 nd

200 862 231 897 se
243 844 374 907 referret,
393 844 565 924 afflectare,
583 843 737 911 etreliqua,
756 859 825 909 quoe
837 845 924 904 vellet,
939 858 1006 910 per·

201 922 312 984 agerem
330 915 422 964 viator
433 919 579 980 praeterea
591 915 624 964 ab
635 915 703 965 iuba
715 913 748 962 ad
761 929 823 964 erran
839 919 883 963 est
894 914 1006 975 missus,

201 985 246 1052 qui
259 983 374 1045 diceret,
386 983 517 1034 audiente
527 981 660 1034 Sasernas
690 979 715 1032 1⁷
713 991 769 1034 etot
782 991 807 1034 tc
818 997 867 1034 rex
878 981 1005 1046 colloqui.

199 1055 263 1116 Quo
273 1053 373 1103 nuncio
386 1053 549 1118 perterritus
560 1053 687 1105 discessit
698 1059 726 1103 et
736 1052 811 1104 dicto
822 1051 937 1103 audiens
950 1051 1008 1102 fuit
1054 1069 1055 1078 ¹

200 1124 269 1190 regi.
304 1123 361 1174 Usu
371 1123 480 1174 renisse
490 1120 543 1178 hoc
558 1124 610 1180 ciri
620 1121 755 1184 Romano,
775 1127 803 1173 et
815 1123 850 1184 ei,
871 1123 917 1188 qui
929 1135 947 1170 a
959 1135 1006 1186 po·

199 1194 266 1260 pulo
285 1191 410 1244 Romano
429 1189 551 1244 honores
572 1194 730 1258 accepisset,
759 1192 890 1242 incolumi
911 1193 1006 1258 patria

200 1263 375 1331 fortunisque
386 1263 520 1324 omnibus,
540 1263 625 1314 lubae
635 1263 755 1313 barbaro
768 1259 1005 1329 potiusobedien

200 1342 254 1384 tem
268 1333 363 1395 fuisse,
375 1347 454 1400 quarn
468 1338 515 1382 aut
526 1329 662 1398 Scipionis
675 1333 880 1398 obtemperasse
890 1333 1004 1400 nuncio,

198 1410 256 1465 aut,
268 1404 357 1454 caesis
368 1401 488 1454 eiusdem
501 1403 588 1469 partis
599 1403 712 1465 civibus,
732 1399 897 1452 incolumem
910 1414 1005 1450 rever·

199 1471 328 1524 timalle!
363 1474 454 1540 Atque
466 1474 549 1523 etiam
566 1471 712 1538 superbius
728 1470 812 1523 lubae
826 1468 931 1521 factum
944 1485 1003 1520 non

198 1545 228 1593 in
239 1543 449 1613 M..rlquiniu1n‚
468 1540 608 1597 hominem
624 1555 723 1593 novum
741 1555 911 1607 parvumque
922 1555 1006 1590 serra·

199 1619 305 1675 torem,
324 1609 374 1663 se'd
385 1614 413 1663 in
425 1612 592 1678 Scipionem,
612 1609 750 1663 hominem
760 1609 810 1661 alla
820 1607 943 1670 ianrilia,
963 1609 1005 1658 di-

198 1685 316 1752 gnitate,
335 1679 487 1734 honoribus
501 1687 698 1748 praestantem.
734 1679 804 1731 Nam
817 1675 1005 1746 quuni'Scipio

199 1752 297 1820 sagulo
309 1767 447 1818 purpureo
464 1758 530 1802 ante
545 1751 618 1818 regis
632 1751 780 1802 adventum
796 1750 836 1798 uti
846 1748 948 1798 solitus
960 1763 1006 1799 es-

199 1828 253 1884 set,
274 1820 375 1872 dicitur
392 1821 460 1871 iuba
475 1835 536 1872 cum
553 1835 587 1871 eu
599 1822 700 1888 egisse,
716 1835 769 1872 non
785 1826 909 1884 oportere
923 1816 1007 1870 illam

200 1891 287 1944 eodem
297 1889 340 1941 uti
350 1889 456 1951 restim,
467 1899 548 1956 atque
557 1888 612 1956 ipae
622 1897 753 1940 uteretur.
788 1887 884 1956 ltaqne
895 1885 1006 1938 iactum

201 1967 251 2023 eat,
270 1967 302 2010 ut
313 1959 405 2026 Scipio
417 1960 451 2010 ad
470 1959 562 2010 album
580 1975 641 2010 sese
652 1961 780 2010 restitum
792 1957 963 2008 transferret
974 1963 1008 2008 et
1054 2001 1055 2006 ,

200 2031 295 2092 lubae,
314 2029 417 2081 homini
430 2029 627 2096 superbissimo
638 2031 877 2096 inertissimoque,
896 2027 1009 2080 osten»

221 2107 320 2155 eraret.

201 2119 219 2172 p
253 2168 349 2222 LVlll.
368 2167 483 2220 Postero
499 2169 544 2221 die
561 2171 705 2220 universas
721 2170 843 2221 oninium
861 2168 957 2235 copias
968 2167 1009 2222 de

202 2242 300 2296 castris
321 2239 447 2292 omnibus
467 2239 589 2304 educunt
603 2245 641 2304 et,
662 2240 839 2308 supercilium
860 2237 1009 2305 quoddam

203 2309 341 2365 excelsum
353 2310 437 2370 nacti,
457 2325 511 2361 nun
527 2310 613 2377 longe
627 2325 644 2360 a
655 2311 782 2361 Caesaris
797 2307 897 2360 castris
912 2309 1009 2360 aciens

202 2383 374 2434 constituunt
390 2384 474 2446 atque
490 2380 527 2430 ibi
543 2381 707 2432 consistunt.
744 2381 846 2432 Caesar
856 2379 922 2428 item
940 2392 1011 2446 pro·

201 2451 279 2502 ducit
289 2453 382 2516 copias
391 2450 574 2516 celeriterque
589 2451 622 2500 iis
638 2450 782 2501 instructis
793 2455 857 2502 ante
868 2461 934 2498 suas
946 2455 1011 2499 lna»

201 2522 334 2581 nitiones,
352 2533 423 2586 quae
434 2525 513 2570 erant
524 2521 552 2569 in
565 2533 671 2587 campo,
687 2519 825 2584 constitit3
843 2522 904 2570 sine
915 2517 1011 2569 drrbio

202 2588 373 2649 existimans,
384 2587 459 2638 ultro
471 2587 655 2650 adiersarlos,
672 2603 756 2656 quum
769 2596 826 2640 tam
840 2589 949 2655 anagnis
961 2603 1012 2638 co·

203 2657 254 2718 piis
275 2655 440 2722 auxiliisque
460 2658 534 2723 regis
555 2664 650 2708 essent
668 2659 789 2723 praediti
809 2657 1012 2726 promtiusque

205 2723 406 2788 prosiluissent,
429 2729 493 2774 ante
504 2739 535 2776 se
545 2741 728 2780 concursuros
739 2731 906 2798 propiusque
917 2739 950 2778 se
963 2742 1013 2780 ao
